2512 4020
507 321 612 373 nonus,
635 322 749 362 vrorm.
1068 307 1108 365 61

193 504 346 574 unguenta
369 504 512 574 spargunt
540 499 674 575 nihilque
697 518 755 557 non
778 499 897 573 iaciunt,
926 500 1004 575 quod
1027 500 1111 558 exhi-

191 586 287 646 larare
310 588 447 646 convivas
474 589 576 663 possit.
623 588 698 647 Sunt
727 589 805 646 enim
835 589 911 647 hano
940 589 970 645 in
997 594 1110 664 partem

192 677 342 752 aliquanto
360 677 559 752 proclixiores,
583 683 616 735 ut
634 678 749 735 nullum
769 678 930 754 voluptatis
949 695 1051 752 genus,
1071 696 1111 736 ex

192 783 252 842 quo
275 765 350 822 nihil
372 773 513 842 sequatur
535 766 722 839 incommodi,
751 773 890 825 censeant
910 767 1110 825 interdictum.

158 867 172 908 o
260 853 325 912 Hoc
347 860 433 930 pacto
455 855 546 929 igitur
567 855 598 912 in
627 856 698 913 urbe
721 856 893 930 convirrmt,
921 862 952 914 at
973 856 1036 913 rmi
1059 856 1108 931 qui

190 942 310 1018 longius
323 944 360 1002 ab
379 961 445 1002 sese
462 944 560 1002 dissiti
580 949 657 1016 sunt,
676 962 778 1002 omnes
797 944 875 1002 domi
894 944 1020 1020 quisque
1040 963 1111 1004 suae

144 1043 218 1098 [gina]
250 1032 416 1091 comedunt.
471 1032 554 1090 Nulli
581 1030 585 1112 l
611 1033 689 1090 enim
721 1033 848 1092 familiae
883 1034 1040 1109 quicquam
1072 1034 1111 1091 ed

191 1121 304 1179 uictum
335 1122 433 1192 deest,
464 1122 573 1198 quippe
595 1141 613 1180 a
636 1122 743 1197 quibus
766 1123 797 1180 id
820 1128 914 1180 totum
938 1123 1026 1196 venit,
1052 1141 1111 1198 quo

191 1215 350 1269 vescentur
373 1211 474 1269 urbici.

145 1382 171 1424 10
322 1370 371 1430 De
393 1369 689 1446 peregrinatione
713 1371 975 1447 Vtopiensium.

259 1478 300 1535 At
322 1477 348 1536 si
371 1494 445 1554 quos
472 1483 523 1536 aut
550 1477 711 1536 amicorum
738 1478 794 1536 alia
823 1479 853 1536 in
881 1479 954 1536 urbe
982 1497 1110 1536 commo-

192 1568 321 1626 rantium
356 1572 407 1624 aut
443 1567 537 1642 ipsius
570 1567 657 1626 etiam
689 1566 810 1626 uidendi
840 1567 898 1625 loci
930 1567 1110 1626 desiderium

193 1656 319 1732 ceperit,
348 1675 366 1714 a
397 1656 606 1732 syphograntis
641 1675 675 1714 ac
711 1656 866 1714 traniboris
901 1656 964 1714 suis
994 1657 1110 1715 ueniam

192 1745 279 1804 facile
302 1744 469 1820 impetrant,
492 1745 551 1803 nisi
574 1745 600 1802 si
623 1745 690 1821 quis
708 1763 781 1804 usus
799 1745 948 1821 impediat.
980 1745 1111 1804 Mittitur

145 1847 263 1909 iserge
287 1833 375 1892 simul
402 1853 542 1892 numerus
570 1833 677 1910 aliquis
705 1853 773 1892 cum
803 1834 929 1911 epistula
958 1835 1109 1910 principis,

193 1941 269 1999 quae
288 1928 319 1982 et
337 1923 435 1982 datam
453 1923 661 2000 peregrinandi
675 1923 790 1999 copiam
807 1929 934 1982 testatur
948 1930 977 1981 et
995 1923 1110 1982 reditus

192 2013 271 2072 diem
289 2013 469 2087 praescribit.
497 2012 676 2070 Vehiculum
695 2012 780 2070 datur
796 2031 864 2070 cum
883 2030 966 2070 servo
984 2012 1110 2087 publico,

192 2101 244 2178 qui
270 2107 338 2176 agat
364 2103 455 2160 boves
483 2108 513 2160 et
541 2106 636 2176 curet,
665 2107 797 2160 ceterum
826 2101 885 2159 nisi
911 2101 1052 2160 mulieres
1078 2102 1110 2159 in

192 2196 278 2248 coetu
291 2190 425 2263 habeant,
439 2191 609 2250 uehiculum
626 2191 709 2249 velut
727 2209 801 2249 onus
819 2197 850 2249 et
867 2190 1110 2265 impedimentum

143 2292 173 2334 20
192 2279 358 2338 remittitur.
405 2279 477 2338 Toto
508 2279 613 2337 itinere
646 2298 714 2337 cum
745 2280 819 2337 nihil
850 2297 950 2337 secum
979 2280 1110 2352 efferant,

192 2367 266 2426 nihil
292 2368 363 2426 defit
389 2373 502 2427 tamen:
533 2368 643 2444 ubique
670 2369 749 2427 enim
772 2368 850 2426 domi
873 2373 951 2426 sunt.
998 2368 1109 2445 siquo

152 2522 155 2527 ,
192 2457 225 2514 in
238 2457 301 2515 loco
316 2457 426 2515 diutius
441 2476 498 2515 uno
513 2457 560 2516 die
574 2463 798 2530 commorentur,
822 2475 904 2516 suam
923 2457 964 2514 ibi
982 2457 1109 2533 quisque

191 2551 285 2604 artem
322 2552 451 2620 exercet,
488 2552 577 2622 atque
609 2548 645 2605 ab
680 2547 751 2604 artis
788 2547 920 2605 eiusdem
956 2546 1110 2622 opificibus

193 2634 405 2693 humanissime
427 2640 596 2693 nectantur.

143 2737 173 2778 25
261 2722 293 2782 Si
307 2729 400 2783 semet
413 2730 533 2783 auctore
543 2724 699 2799 quisquam
712 2729 797 2782 extra
811 2742 880 2783 suos
894 2725 968 2782 fines
977 2729 1108 2799 vagetur,

192 2813 395 2888 deprehensus
428 2813 490 2871 sine
521 2813 661 2888 principis
694 2813 866 2888 diplomate,
901 2813 1110 2871 contumeliose

191 2901 309 2960 habitus
325 2919 378 2977 pro
394 2902 518 2977 fugitivo
533 2902 691 2975 reducitur,
715 2902 875 2976 castigatus
891 2902 1011 2978 acriter;
1030 2902 1108 2959 idem

191 3008 282 3049 ausus
306 2991 402 3049 denuo
425 2991 566 3049 servitute
589 2991 734 3067 plectitur.
775 2989 886 3063 Quodsi
909 3009 997 3066 quem
1020 2991 1110 3048 libido

191 3079 321 3138 incessat
343 3098 397 3156 per
420 3098 489 3138 suae
513 3080 639 3138 ciuitatis
661 3098 748 3154 agros
771 3080 889 3156 palandi
912 3080 997 3138 rema
1016 3080 1109 3155 patris

145 3181 174 3222 eo
193 3174 223 3227 et
245 3169 446 3228 consentiente
465 3169 596 3244 coniuge,
616 3187 673 3226 non
692 3169 877 3245 prohibetur,
903 3170 956 3227 sed
973 3170 1004 3227 in
1018 3169 1109 3245 quod-

193 3276 320 3334 cumque
342 3276 394 3316 rus
412 3258 586 3333 peruenerit,
610 3259 710 3316 nullus
724 3264 792 3317 ante
806 3259 888 3317 cibus
902 3259 996 3332 datur,
1021 3277 1110 3335 quam

192 3352 259 3406 ante
288 3346 482 3406 meridianum
515 3348 612 3423 operis
640 3365 765 3422 pensum
792 3354 842 3406 aut
870 3354 1012 3424 quantum
1041 3354 1109 3405 ante

193 3454 295 3494 cenam
322 3435 364 3494 ibi
392 3437 517 3495 laborari
540 3437 614 3494 solet
636 3436 809 3497 absolverit:
838 3438 893 3496 hac
916 3438 981 3511 lege
1005 3436 1109 3512 quovis

192 3525 268 3584 intre
291 3543 362 3584 suae
385 3525 466 3584 urbis
489 3526 564 3584 fines
582 3525 624 3584 ire
640 3525 718 3585 licet.
758 3526 822 3585 Erit
840 3526 919 3585 enim
936 3544 993 3583 non
1012 3524 1108 3582 minus
