2512 4020
506 331 609 385 moavs
631 330 742 371 vacam.
1061 314 1101 371 35

187 508 283 567 tinere
296 508 327 567 in
340 508 436 566 officio
450 526 507 566 non
517 508 611 584 possit
624 507 682 566 nisi
698 507 891 580 contumeliis,
901 506 1104 583 compilatione

189 603 221 656 et
236 597 365 656 sectione
388 604 540 672 grassetur
561 615 670 674 eosque
693 597 808 672 redigat
823 596 862 655 ad
875 597 1103 669 mendicitatem,

190 686 372 762 praestiterit
398 685 443 744 illi
465 687 595 762 profecto
618 704 708 761 regno
732 703 765 744 se
788 686 924 744 abdicare
947 704 1034 762 quain
1057 686 1104 744 his

190 775 317 834 retinere
343 775 469 847 artibus,
503 775 609 851 quibus
642 793 819 852 quamquam
850 774 965 851 imperii
998 792 1104 833 nomen

153 864 322 936 aretineat
346 869 424 923 certe
446 863 554 922 amittit
575 863 773 922 maiestatem:
796 881 893 940 neque
915 864 992 922 enim
1008 863 1105 938 regiae

191 953 343 1028 dignitatis
369 958 416 1012 est
444 952 602 1028 imperium
631 953 662 1010 in
690 952 841 1011 mendicos
869 969 1022 1024 exercere,
1053 953 1105 1010 scd

191 1043 223 1100 in
246 1042 400 1118 opulentos
422 1041 521 1117 potius
543 1046 632 1117 atque
655 1042 767 1115 felices,
793 1041 872 1118 quod
894 1041 992 1117 ipsum
1016 1059 1069 1100 sen
1084 1042 1105 1100 't

192 1137 272 1190 certe
302 1131 348 1188 vir
380 1131 471 1189 erecti
499 1149 534 1189 ac
564 1130 698 1189 sublimis
728 1130 817 1189 animi
845 1130 1007 1202 Fabricius,
1037 1149 1106 1188 cum

191 1220 384 1296 responderet
406 1220 493 1278 malle
517 1237 550 1278 se
568 1219 713 1295 imperare
728 1219 867 1278 divitibus
881 1237 969 1295 quam
984 1219 1105 1277 nutem

143 1321 173 1362 10
192 1327 274 1382 esse,
298 1315 328 1367 et
349 1309 479 1385 prolecto
502 1326 595 1366 unum
617 1309 746 1385 aliquem
769 1309 919 1384 voluptate
937 1326 971 1366 ao
992 1308 1106 1366 deliciis

191 1399 284 1457 fluere
307 1397 494 1472 gementibus
511 1397 641 1473 undique
656 1416 690 1456 ac
704 1397 929 1456 lamentantibus
952 1397 1026 1470 aliis,
1050 1397 1106 1456 hoc

191 1506 250 1546 non
278 1493 324 1545 est
350 1486 433 1562 regni
457 1485 509 1544 sed
533 1487 658 1544 ‹aroeris
686 1504 753 1545 esse
782 1487 949 1562 custodem3
978 1486 1106 1562 denique

192 1583 226 1635 ut
252 1575 491 1651 imperitissimus
520 1575 655 1633 medicus
686 1581 745 1648 est,
775 1575 827 1652 qui
856 1576 989 1633 morbum
1012 1575 1107 1634 nescit

192 1665 251 1723 nisi
278 1665 378 1722 morbo
406 1682 522 1738 cinare,
552 1664 593 1722 ita
620 1664 669 1740 qui
692 1664 783 1722 vitam
810 1663 919 1722 civium
946 1682 1003 1722 non
1027 1664 1107 1722 novit

145 1766 173 1806 15
192 1754 250 1813 alia
273 1751 319 1812 m‘a
342 1753 488 1828 corrigere
512 1771 600 1829 quam
623 1753 767 1829 ademptis
789 1753 865 1812 vitae
888 1752 1057 1826 commodis,
1081 1753 1107 1811 is

193 1861 226 1902 se
249 1843 364 1901 nescire
386 1843 513 1901 fateatur
526 1842 672 1918 imperare
686 1842 800 1918 liberis3
824 1842 894 1918 quin
907 1846 958 1900 aut
972 1841 1106 1900 inertiam

192 1931 291 2008 potius
314 1935 409 1990 mutet
432 1949 514 1989 suam
533 1938 586 1990 aut
601 1930 782 2007 superbiam:
806 1949 875 1989 nam
888 1931 936 1989 his
951 1932 1013 1989 fere
1027 1931 1107 1989 vitiis

148 2058 150 2062 ι
192 2021 319 2094 accidet,
349 2025 383 2079 ut
412 2021 539 2096 populus
570 2038 639 2078 eum
662 2020 709 2078 vel
737 2024 904 2078 contemnat
926 2020 976 2078 vel
1002 2020 1108 2078 habeat

193 2109 273 2185 odio;
305 2109 386 2167 vivat
417 2109 561 2167 innocuus
592 2109 630 2167 de
662 2127 728 2182 suo,
761 2113 898 2184 sumptus
926 2108 964 2167 ad
995 2108 1107 2167 reditus

142 2210 175 2252 ao
194 2198 408 2267 accommodet,
435 2198 563 2256 refrenet
594 2198 737 2256 maleficia
765 2202 795 2256 et
821 2202 901 2256 recta
923 2197 1108 2256 institutione

194 2305 314 2346 suorum
329 2286 499 2363 praeveniat
521 2287 619 2362 potius
642 2305 730 2363 quam
754 2287 830 2345 sinat
845 2287 1018 2359 increscere,
1033 2305 1108 2363 quae

195 2376 302 2434 deinde
331 2376 449 2452 puniat3
482 2377 563 2450 leges
595 2377 749 2450 abrogatas
785 2375 997 2434 consuetudine
1029 2375 1108 2433 haud

194 2471 304 2524 temere
327 2468 453 2533 revocet,
475 2465 648 2540 praesertim
670 2483 746 2541 quae
767 2464 819 2523 diu
832 2465 943 2523 desitne
958 2482 1108 2540 nunquam

195 2554 377 2612 desideratae
410 2559 493 2627 sunt,
526 2571 622 2630 neque
651 2571 780 2630 amquam
813 2553 964 2612 commissi
990 2553 1108 2612 nominc

145 2655 176 2696 aa
195 2637 340 2701 eiusmodi
365 2643 521 2719 quicquam
543 2642 648 2717 capiat,
671 2643 757 2718 quale
778 2642 926 2719 privatum
940 2642 1109 2718 quempiam

194 2731 285 2790 iudex
299 2731 380 2790 velut
393 2731 526 2807 iniquum
538 2750 573 2790 ac
585 2732 701 2789 vafrum
716 2749 774 2790 non
787 2735 938 2808 pateretur
950 2730 1108 2807 accipere);

195 2821 245 2878 hic
268 2820 295 2878 si
321 2838 514 2896 proponerem
542 2820 602 2878 illis
625 2820 840 2879 Macarensium
868 2822 978 2895 legem,
1006 2819 1110 2896 quiet

195 2909 257 2985 ipsi
272 2927 329 2968 non
344 2910 432 2984 longe
445 2909 603 2967 admodum
617 2910 723 2968 absunt
736 2910 772 2968 ab
780 2909 896 2985 Vtopia,
917 2927 1041 2986 quorum
1056 2927 1109 2967 rex

196 3017 254 3074 quo
269 2998 398 3074 primum
412 2999 461 3056 die
475 2999 645 3074 auspicatur
659 2998 824 3074 imperium,
841 2998 956 3073 magnis
970 2997 1109 3056 adhibitis

147 3099 177 3141 ao
198 3087 350 3146 sacrificiis
386 3086 568 3145 iuriiurando
602 3087 774 3162 astringitur
805 3105 954 3164 nunquam
987 3105 1020 3145 se
1051 3105 1110 3145 uno

195 3180 329 3252 tempore
353 3194 442 3252 supra
455 3175 538 3235 mille
552 3176 617 3234 auri
630 3177 726 3252 pondo
741 3176 773 3234 in
782 3176 928 3235 thesauris
942 3176 1110 3234 habiturum

196 3270 246 3324 aut
269 3265 384 3340 argenti
407 3271 550 3341 quantum
573 3265 637 3323 cius
660 3266 724 3323 auri
746 3265 874 3341 pretium
895 3270 1001 3341 aequet
1023 3265 1110 3342 (hanc

196 3354 295 3429 legem
316 3354 415 3413 ferimt
437 3354 473 3413 ab
497 3353 606 3429 optimo
629 3355 756 3430 quodam
778 3371 848 3429 rege
866 3353 1038 3425 institutam,
1063 3353 1110 3412 cui

195 3442 298 3501 maiori
328 3461 415 3502 curae
443 3443 499 3501 fuit
526 3443 638 3518 patriae
666 3443 852 3501 commodum
880 3461 967 3519 quam
990 3442 1110 3501 diutiae

149 3543 178 3585 as
197 3542 275 3597 [curib]
297 3550 375 3606 suae,
399 3532 481 3590 velut
502 3528 505 3599 l
526 3531 640 3590 obicem
654 3532 833 3590 acervandae
846 3531 990 3610 pecimiae
1004 3536 1111 3604 tantae,

922 3633 955 3685 (δὴ
