2512 4020
155 306 194 365 96
512 323 616 379 noers,
640 323 752 364 vrorm.

197 501 244 559 sui
267 519 415 577 quemque
437 500 530 574 liberi,
552 501 674 575 adfines
697 501 812 576 cognati
826 501 1059 577 circumsistunt,
1081 509 1116 562 ut

196 590 228 647 hi
250 589 287 648 de
309 589 443 665 proximo
467 589 527 648 sint
548 595 650 648 mutuo
674 590 731 648 sibi
745 590 883 665 subsidio,
898 609 972 666 quos
985 592 1115 652 maxime

196 679 234 736 ad
261 678 399 737 ferendas
428 678 556 738 invicem
584 679 737 755 suppetias
764 685 869 738 natura
891 679 1032 739 stimulat.
1077 682 1113 739 In

196 767 325 826 maximo
347 768 453 844 probro
476 772 522 826 est
544 768 672 826 coniunx
689 768 800 844 absque
814 768 937 843 coniuge
951 769 1047 828 redux
1062 775 1112 828 aut

165 856 306 915 semisse
333 861 455 932 parente
481 874 620 915 reversus
648 856 736 915 filius.
783 855 847 930 Quo
874 857 917 929 fit,
946 857 999 932 uti,
1027 858 1054 916 si
1074 859 1110 916 ad

196 945 329 1020 ipsorum
359 963 464 1004 manus
491 951 612 1004 ventum
642 945 693 1019 sit,
725 945 811 1004 modo
841 951 975 1022 perstent
1003 947 1111 1021 hostes,

196 1033 282 1109 longo
319 1039 349 1093 et
379 1033 499 1108 lugubri
533 1034 644 1110 proelio
681 1034 718 1092 ad
754 1034 982 1094 internecionem
1018 1053 1111 1112 usque

198 1122 379 1181 decernatur.
425 1122 539 1199 Nempe
568 1128 602 1182 ut
631 1123 767 1181 omnibus
797 1129 901 1182 curant
931 1123 1043 1198 modis,
1076 1143 1114 1183 ne

197 1211 271 1287 ipsis
294 1211 434 1270 dimicare
457 1229 579 1270 neeesse
602 1212 648 1285 sit,
671 1212 758 1270 modo
782 1213 860 1271 bello
875 1212 992 1288 possint
1005 1213 1114 1272 vicaria

153 1313 178 1354 10
197 1300 441 1359 conductitiorum
455 1319 544 1359 manu
560 1300 689 1376 defungi,
703 1301 751 1374 ita,
766 1319 835 1360 cum
841 1301 926 1360 vitari
937 1319 995 1360 non
1008 1308 1114 1378 potest,

198 1389 269 1465 quin
295 1389 354 1466 ipsi
380 1389 479 1448 ineant
506 1408 648 1466 pugnam,
678 1395 738 1448 tam
767 1390 915 1466 intrepide
946 1396 1114 1466 capessunt,

198 1496 294 1554 quam,
318 1478 414 1555 quoad
436 1478 528 1552 licuit,
551 1479 713 1554 prudenter
736 1478 952 1555 detrectabant;
976 1497 1031 1538 neo
1053 1486 1114 1538 tam

197 1567 293 1643 primo
315 1568 461 1626 ferociunt
482 1568 604 1643 impetu,
628 1586 715 1643 quam
738 1586 819 1626 mora
843 1568 955 1627 sensim
977 1573 1008 1628 et
1027 1568 1115 1627 dura-

196 1655 276 1714 tione
302 1656 497 1728 inralescunt,
526 1661 587 1715 tam
610 1656 762 1714 offirmatis
784 1656 900 1729 animis,
926 1662 962 1715 ut
982 1657 1113 1716 interimi

88 1803 90 1808 ,
134 1783 136 1786 >
153 1757 178 1796 15
197 1744 285 1803 citius
299 1764 387 1821 quam
401 1745 494 1804 averti
510 1750 626 1822 queant.
657 1744 773 1821 Quippe
786 1745 882 1804 victus
896 1745 948 1804 illa
962 1746 1115 1820 securitate,

197 1852 272 1909 quae
296 1834 403 1910 cuique
426 1834 505 1892 domi
528 1839 582 1908 est,
605 1834 800 1910 ademptaque
824 1834 862 1894 de
884 1835 1011 1910 posteris
1025 1835 1116 1894 anxia

154 1933 208 1986 [lita]
232 1923 378 1998 cogitandi
396 1941 467 1981 cura
490 1923 569 2000 (uam
587 1923 660 1982 haee
679 1922 843 1981 sollicitudo
857 1941 1017 1999 generosos
1031 1918 1111 2007 ubi-l

197 2029 255 2088 que
265 2012 387 2087 spiritus
396 2012 515 2088 frangit)
531 2012 687 2070 sublimem
701 2011 818 2070 etvinci
828 2012 1034 2088 dedignantem
1044 2013 1117 2072 iacit

197 2100 342 2176 animum;
366 2101 404 2159 ad
427 2101 500 2159 haec
517 2100 653 2159 militaris
670 2100 844 2176 disciplinae
857 2101 962 2177 peritia
974 2101 1115 2160 fiduciam

153 2200 179 2242 ao
198 2190 332 2265 praebet3
356 2196 505 2266 postremo
519 2195 616 2248 rectae
631 2189 792 2266 opiniones,
815 2190 922 2266 quibus
938 2195 969 2248 et
982 2190 1116 2250 doctrina

199 2283 229 2337 et
252 2279 334 2337 bonis
357 2279 402 2338 rei
423 2279 559 2355 publicae
581 2278 725 2337 institutis
747 2278 852 2337 imbuti
873 2298 892 2338 a
911 2279 1012 2355 pueris
1035 2286 1115 2354 sunt,

196 2367 336 2426 virtutem
358 2368 477 2441 addunt,
500 2386 559 2445 qua
580 2385 676 2444 neque
698 2373 758 2426 tam
780 2367 869 2426 vilem
891 2368 1001 2427 habent
1014 2367 1114 2442 vitam,

199 2462 232 2513 ut
254 2461 363 2515 temere
386 2456 553 2533 prodigant,
576 2474 672 2533 neque
700 2461 761 2514 tam
782 2456 916 2533 improbe
938 2475 1048 2531 caram,
1072 2463 1114 2528 ut,

198 2562 266 2603 cum
296 2546 433 2604 honestas
460 2545 625 2622 ponendam
652 2545 787 2619 suadeat,
816 2563 904 2605 avare
930 2545 1116 2622 turpiterque

121 2633 122 2637 ’
152 2645 180 2686 25
196 2633 349 2693 retineant.
379 2634 457 2692 Dum
471 2634 580 2711 ubique
594 2652 694 2710 pugna
706 2633 835 2692 maxima
843 2635 945 2710 fervet,
960 2634 1116 2694 lectissimi

197 2722 318 2781 iuvenes
355 2723 498 2782 coniurati
534 2723 692 2799 devotique
723 2723 828 2782 ducem
861 2722 918 2782 sibi
949 2723 1116 2800 deposcunt

197 2811 370 2871 adversum:
402 2813 482 2871 hune
508 2817 610 2888 aperte
636 2811 793 2885 invadunt,
823 2812 903 2870 hunc
930 2829 970 2871 ex
996 2812 1114 2871 insidiis

197 2900 382 2977 adoriuntur3
416 2902 496 2960 idem
529 2901 661 2975 eminus,
695 2900 777 2959 idem
810 2899 973 2960 comminus
1003 2901 1116 2977 petitur

197 2989 342 3067 longoque
371 3008 406 3049 ac
435 2996 577 3067 perpetuo
609 3007 702 3048 cuneo
735 2989 902 3048 summissis
933 2989 1052 3050 assidue
1083 2989 1115 3048 in

152 3090 180 3131 eo
197 3079 385 3154 fatigatorum
412 3079 510 3138 locum
540 3078 707 3137 recentibus
737 3083 932 3154 oppugnatur.
977 3077 1116 3156 Raroque

196 3167 316 3242 accidit,
346 3169 377 3226 ni
401 3169 456 3227 sibi
479 3169 553 3243 iuga
574 3167 747 3244 prospiciat,
775 3173 809 3227 ut
835 3184 893 3226 non
915 3167 1042 3227 intereat
1064 3173 1114 3227 aut

198 3256 285 3316 rivus
307 3257 338 3315 in
361 3257 491 3316 hostium
513 3261 689 3333 potestatem
711 3256 817 3315 veniat.

265 3346 296 3404 Si
330 3347 366 3405 ab
401 3346 475 3422 ipsis
509 3345 631 3405 victoria
663 3345 715 3419 sit,
754 3345 982 3422 haudquaquam
1023 3344 1115 3405 caede

197 3440 382 3509 grassantur:
411 3437 527 3510 fugatos
551 3435 629 3494 enim
652 3433 904 3509 comprehendunt
926 3451 1017 3510 quam
1039 3434 1116 3494 oeci-

153 3534 179 3576 01
198 3523 271 3583 dunt
310 3524 459 3583 libentius.
513 3523 616 3601 Neque
653 3541 781 3599 unquam
816 3523 858 3582 ita
896 3528 1117 3600 persequuntur
