2512 4020
505 315 608 367 uonvs,
632 315 744 356 vrorra.

190 493 254 551 loca
276 492 405 550 hostium
428 492 588 568 quamlibet
610 509 797 552 numerosam
821 493 948 551 classem
971 493 1058 552 facile
1077 493 1108 550 in

191 581 352 657 perniciem
374 582 530 640 traherent.

259 670 302 728 Ab
333 671 427 728 altera
461 676 544 746 parte
576 688 634 728 non
669 670 871 746 infrequentes
905 674 1016 746 portus
1069 672 1108 729 At

192 776 337 834 nusquam
360 759 521 818 descensus
544 759 574 816 in
597 764 705 817 terram
729 758 842 817 nonita
855 765 959 817 natura
975 759 1108 818 munitus

191 937 454 1012 propugnatoribus
483 937 584 995 arceri.
631 937 782 1008 Ceterum,
814 937 857 994 uti
884 937 979 995 fertur
1006 937 1108 1014 utique

191 1026 256 1101 ipsa
287 1025 343 1084 loci
372 1025 461 1084 iacies
493 1044 563 1101 prae
594 1043 626 1084 se
656 1026 725 1099 fert,
759 1044 793 1084 ea
824 1026 915 1084 tellus
948 1026 1018 1084 olim
1050 1044 1108 1084 non

191 1114 373 1172 ambiebatur
396 1114 477 1172 mari.
523 1114 580 1173 Sed
604 1114 729 1190 Vtopus,
754 1114 838 1172 cuius
861 1120 964 1190 utpote
988 1115 1109 1174 victoris

192 1221 298 1261 nomen
324 1203 413 1261 refert
439 1203 536 1261 insula
565 1205 643 1280 (nam
671 1210 739 1262 ante
766 1203 797 1260 id
824 1204 966 1280 temporis
989 1204 1109 1262 Abraxa

147 1304 173 1344 ro
193 1291 353 1369 dicebatur)
382 1292 491 1368 quique
518 1292 622 1351 rudem
649 1299 737 1368 atque
760 1297 908 1367 agrestem
930 1293 1048 1351 turbam
1071 1293 1108 1351 ad

191 1380 230 1454 id,
254 1399 311 1457 quo
334 1399 413 1439 nunc
436 1386 549 1439 ceteros
572 1399 664 1457 prope
687 1382 824 1439 mortales
838 1381 995 1455 antecellit,
1010 1382 1109 1440 cultus

193 1469 441 1546 humanitatisque
480 1470 634 1545 produxit,
677 1470 772 1546 primo
809 1470 943 1545 protinus
980 1471 1108 1546 appulsu

191 1558 313 1617 victoria
335 1559 445 1634 potitus
468 1576 608 1634 passurun
637 1559 718 1617 milia
741 1559 917 1635 quindecim,
941 1578 1000 1635 qua
1022 1565 1107 1635 parte

191 1649 281 1706 tellus
327 1647 486 1706 continenti
530 1647 676 1722 adhaesit,
722 1647 956 1706 exscindendum
993 1649 1108 1707 curarit

147 1749 173 1789 15
192 1755 226 1795 ac
262 1755 342 1795 mare
383 1737 494 1795 circum
529 1743 643 1807 terram⁴
681 1736 775 1794 duxit.
831 1735 963 1813 Cumque
1001 1737 1039 1795 ad
1077 1737 1107 1795 id

192 1826 289 1901 operis
319 1844 377 1883 non
405 1825 516 1884 incolas
546 1825 632 1884 modo
659 1825 817 1900 coegisset,
847 1843 885 1884 ne
912 1826 1107 1885 contumeliae

191 1915 254 1973 loco
284 1915 413 1973 laborem
446 1915 599 1988 ducerent,
632 1915 685 1973 sed
716 1932 784 1973 suos
815 1919 967 1989 praeterea
998 1915 1107 1973 milites

192 2022 293 2062 omnes
315 2004 497 2079 adiungeret,
526 2003 556 2061 in
578 2008 690 2062 tantam
712 2004 863 2062 hominum
886 2003 1108 2062 multitudinem

192 2111 280 2169 opere
313 2093 485 2165 distributo,
520 2092 685 2151 incredibili
717 2092 865 2151 celeritate
897 2109 945 2150 res
977 2093 1107 2168 perlecta

144 2194 174 2235 ao
191 2182 344 2255 finitimos
375 2182 426 2258 qui
454 2181 537 2240 initio
566 2182 723 2239 vanitatem
752 2180 862 2256 incepti
888 2181 1027 2255 riserant,
1057 2182 1108 2240 ad-

191 2271 344 2330 miratione
368 2288 524 2329 successus
546 2289 581 2329 ac
603 2276 714 2329 terrore
736 2269 903 2346 perculerit.

258 2360 360 2418 Insula
387 2360 519 2418 civitates
549 2360 638 2418 habet
664 2364 802 2435 quattuor
829 2363 859 2417 et
887 2358 1105 2435 quinquaginta,

136 2503 137 2508 ,
192 2449 334 2525 spatiosas
358 2467 459 2507 omnes
483 2454 513 2508 et
534 2448 720 2524 magnificata,
748 2448 862 2523 lingua,
890 2448 1035 2521 moribus,
1063 2449 1105 2506 in-

193 2538 315 2612 stitutis,
342 2538 458 2613 legibus
481 2555 603 2613 prorsus
625 2536 855 2595 iisdemtidem
878 2536 953 2595 situs
976 2537 1104 2595 omnium

145 2639 174 2681 25
193 2628 295 2686 eadem
312 2627 427 2704 ubique,
451 2633 596 2703 quatenus
613 2644 665 2702 per
677 2626 776 2684 locum
789 2626 869 2699 licet,
891 2643 991 2684 rerum
1009 2625 1105 2685 iacies.

191 2717 305 2775 Harum
332 2735 406 2794 quae
433 2716 585 2792 proximae
607 2716 685 2773 inter
708 2733 741 2773 se
770 2705 838 2773 sunt
866 2714 947 2773 milia
969 2720 1106 2791 quattuor

192 2825 226 2864 ac
245 2807 350 2882 viginti
374 2810 516 2882 separant.
553 2804 643 2862 Nulla
664 2821 768 2862 narsus
791 2809 836 2862 est
858 2808 919 2861 tam
941 2803 1068 2874 deserta,
1090 2821 1105 2862 e

193 2913 250 2970 qua
273 2913 331 2954 non
353 2895 390 2954 ad
413 2894 499 2952 aliam
522 2894 625 2952 urbem
643 2893 768 2969 pedibus
791 2898 880 2968 queat
899 2892 988 2951 unius
1002 2892 1105 2952 itinere

193 2984 252 3042 diei
274 2984 430 3060 perveniri.
463 2983 550 3042 Cives
574 3000 689 3059 quaque
713 3000 752 3040 ex
775 2982 847 3039 urbe
866 2981 943 3039 terni
966 2998 1054 3040 senes
1072 2999 1106 3040 ac

146 3085 175 3126 ao
192 3091 291 3131 rerum
314 3073 403 3150 periti
424 3078 580 3131 tractatum
604 3072 641 3129 de
664 3072 753 3129 rebus
768 3070 883 3128 insulae
904 3070 1106 3128 communibus

193 3163 346 3238 quotannis
363 3161 542 3221 conveniunt
557 3162 757 3219 Amaurohrm.
795 3159 871 3216 Nam
885 3175 921 3217 ea
933 3159 1014 3232 urbs,
1029 3159 1105 3236 quod

192 3257 331 3327 tanquam
353 3252 385 3310 in
406 3250 544 3309 umbilico
567 3255 662 3308 terrae
677 3249 732 3307 sita
746 3249 874 3306 maxime
888 3247 965 3306 iacet
976 3248 1106 3306 omnium

193 3340 320 3415 partium
338 3340 443 3415 legatis
462 3345 632 3415 opportuna,
653 3338 748 3414 prima
765 3337 961 3413 princepsque
974 3337 1105 3410 habetur.

259 3430 331 3504 Agri
358 3429 400 3488 ita
426 3427 577 3487 commode
605 3427 771 3486 civitatibus
794 3425 941 3501 adsignati
965 3431 1046 3499 sunt,
1074 3431 1106 3484 ut

146 3529 175 3571 35
193 3519 229 3576 ab
243 3518 324 3576 nulla
333 3523 414 3594 parte
429 3517 526 3576 minus
541 3517 595 3575 soli
607 3535 695 3593 quarn
708 3515 862 3573 duodecim
871 3531 1013 3591 passuum
1026 3514 1106 3573 milia
