2512 4020
167 307 207 364 86
525 324 629 380 monus,
652 325 763 366 vrorm.

210 501 419 577 poenitentiam
448 520 518 578 prae
542 502 698 573 scierant,
723 521 798 579 quae
821 509 975 579 peccatum
997 508 1134 561 testetur·

209 590 302 665 magis
327 590 370 649 eis
387 590 545 667 displicere
560 610 648 667 quam
661 609 795 666 poenam,
819 592 960 668 principis
973 592 1127 650 interdum

211 679 420 754 praerogativa,
442 680 589 738 interdum
613 680 761 755 suffragiis
784 681 886 757 populi
908 687 960 739 aut
972 681 1133 755 mitigatm*

210 768 339 827 servitus
361 775 412 827 aut
434 769 600 828 remittitur.

179 868 267 922 wip]
296 857 488 916 Sollicittasse
524 858 562 916 ad
595 875 717 933 suprum
753 858 843 917 nihilo
875 859 973 917 minus
1005 877 1093 935 quam
1121 852 1129 941 Ιῑ

212 952 363 1022 stuprasse
395 946 518 1022 periculi
548 951 606 1020 est,
637 947 669 1004 in
700 947 779 1005 omni
809 947 835 1005 si
864 948 983 1023 quidem
1013 947 1132 1022 flagitio

211 1041 323 1093 certum
347 1035 585 1111 destinatumque
608 1040 744 1093 conatum
766 1043 893 1112 aequant
911 1038 1003 1111 iact03
1027 1054 1132 1112 neque

210 1123 288 1182 enim
315 1124 346 1181 id
374 1125 452 1200 quod
475 1124 569 1183 debut
591 1124 618 1182 ei
641 1130 746 1201 putant
768 1125 909 1201 prodesse
932 1125 1048 1198 debere⁷
1072 1143 1134 1201 per

211 1231 298 1288 quem
321 1230 380 1271 non
403 1213 492 1287 stetit,
516 1213 673 1288 quominus
696 1213 771 1271 nihil
794 1214 927 1272 demerit.

167 1314 192 1355 ro
277 1301 424 1360 Meriones
446 1303 478 1359 in
501 1302 613 1360 deliciis
636 1302 795 1378 habentur3
827 1321 900 1378 quos
923 1309 957 1361 ut
979 1303 1133 1362 adiecisse

211 1391 389 1449 contumelia
415 1408 521 1466 magno
549 1391 580 1448 in
607 1392 712 1467 probro
735 1398 793 1465 est,
823 1392 863 1450 ita
886 1392 1064 1468 voluptatem
1088 1393 1133 1451 ab·

211 1480 336 1538 stultitia
359 1498 461 1555 capere
484 1498 543 1538 non
567 1485 681 1553 vetant,
706 1480 732 1538 si
755 1480 873 1557 quidem
897 1481 929 1538 id
945 1481 1133 1539 morionibus

210 1568 284 1644 ipsis
299 1569 428 1627 maximo
439 1586 505 1628 esse
516 1570 589 1627 bono
605 1574 733 1627 censent.
767 1569 858 1628 Cuius
869 1569 988 1646 quitum
1003 1587 1133 1628 severus

211 1675 246 1715 ac
268 1657 363 1716 tristis
386 1663 439 1731 est,
462 1663 496 1716 ut
518 1659 634 1716 nullum
655 1675 751 1733 neque
774 1659 882 1716 iactum
897 1676 993 1735 neque
1012 1658 1128 1716 dictum

168 1746 314 1819 tondeat,
337 1745 364 1804 ei
386 1747 540 1805 tutandum
563 1764 621 1804 non
645 1747 768 1805 credunt
790 1747 882 1820 veriti,
912 1765 950 1806 ne
973 1765 1030 1805 non
1054 1748 1133 1805 satis

210 1834 398 1909 indulgenter
421 1840 539 1894 curetur
561 1836 597 1893 ab
620 1853 663 1908 ce,
688 1836 736 1893 cui
759 1854 818 1894 non
840 1836 926 1894 modo
949 1836 1025 1893 nulli
1047 1837 1131 1909 usui,

212 1923 265 1982 sed
294 1942 331 1982 ne
361 1925 573 1983 oblectamento
603 1924 736 2000 quidem,
767 1943 825 2001 qua
855 1925 917 1984 sola
944 1925 1011 1983 dote
1038 1925 1132 1998 valet

210 2013 327 2071 futurus
349 2020 436 2072 esset.

277 2101 409 2160 Inridere
432 2102 592 2161 deformem
615 2121 649 2160 ac
671 2102 809 2161 mutilum
832 2109 918 2179 turpe
941 2121 976 2161 ac
995 2103 1133 2162 deforme

166 2202 193 2244 20
212 2208 268 2248 non
291 2191 318 2248 ei
342 2191 391 2267 qui
414 2191 672 2265 ridetiuhabetur,
697 2191 748 2250 sed
767 2191 892 2265 inrisori,
916 2192 967 2268 qui
981 2191 1132 2268 cuiquam,

211 2280 289 2355 quod
311 2280 342 2337 in
365 2280 429 2338 eius
448 2285 596 2356 potestate
619 2298 678 2338 non
700 2286 769 2348 erat,
793 2287 827 2339 ut
848 2282 977 2356 lugeret,
1008 2280 1039 2337 id
1062 2281 1129 2339 vitii

211 2369 275 2426 loco
306 2370 395 2427 stulte
426 2370 588 2445 exprobret.
635 2369 676 2428 Vt
704 2370 781 2428 enim
808 2370 932 2428 formam
960 2370 1130 2428 natm-alem

211 2475 269 2515 non
292 2458 369 2516 tueri
388 2458 487 2532 segnis
501 2464 590 2534 atque
604 2458 706 2517 inertis
721 2458 841 2531 ducunt,
866 2459 908 2517 sic
921 2458 1133 2516 adiumentum

211 2547 247 2604 ab
279 2547 354 2605 tucis
385 2565 525 2622 quaerere
556 2547 671 2605 infamis
699 2548 777 2623 apud
804 2547 864 2605 illis
890 2547 1047 2606 insolentia
1070 2555 1132 2606 est.

167 2647 193 2688 25
212 2635 277 2692 Vsu
300 2635 378 2693 enim
401 2636 459 2711 ipsi
473 2636 610 2709 sentiunt,
630 2654 717 2712 quam
731 2655 790 2694 non
803 2636 897 2694 ullum
911 2637 1021 2694 formae
1036 2636 1133 2695 decus

211 2742 321 2782 uxores
343 2743 437 2801 aeque
460 2744 495 2783 ac
517 2743 630 2783 morum
660 2725 789 2800 probitas
812 2731 841 2783 et
864 2725 1025 2784 reverentia
1048 2743 1133 2783 com-

194 2863 195 2866 ,
211 2813 331 2872 mendet
344 2814 465 2872 maritis.
498 2813 574 2872 Nam
588 2820 621 2872 ut
634 2815 728 2872 forma
741 2814 875 2872 nonnulli
890 2814 953 2872 sola
962 2814 1133 2890 capiuntur,

173 2926 176 2941 ι
212 2902 253 2960 ita
275 2920 361 2960 nemo
383 2902 440 2960 nisi
463 2903 572 2961 virtute
594 2909 682 2978 atque
705 2903 846 2978 obsequio
868 2902 1020 2961 retinetur.

279 2990 345 3049 Non
368 2992 471 3067 poenis
493 2999 606 3050 tantmu
630 2992 780 3050 deterrent
802 3011 820 3050 a
839 2991 968 3066 flagitiis,
992 2992 1044 3050 sed
1060 3010 1133 3067 pro-

167 3093 194 3134 ao
212 3079 316 3155 positis
339 3098 455 3156 quoque
477 3081 636 3139 honoribus
655 3081 692 3139 ad
711 3081 836 3139 virtutes
855 3081 980 3139 invitant
1001 3080 1134 3157 ideoque

213 3174 324 3227 statuas
353 3169 424 3228 viris
453 3169 618 3245 insignibus
645 3175 675 3229 et
702 3169 739 3228 de
767 3188 799 3228 re
829 3169 947 3245 publica
976 3170 1134 3246 praeclare

212 3257 326 3316 meritis
354 3258 384 3316 iu
412 3260 474 3317 foro
504 3259 656 3317 conlocant
681 3259 713 3315 iu
740 3277 839 3316 rerum
869 3259 944 3317 bene
974 3265 1129 3333 gestarum

212 3347 391 3420 memoriam,
412 3348 500 3406 simul
514 3354 547 3405 ut
564 3348 696 3423 ipsorum
710 3347 836 3423 posteris
849 3347 991 3405 maiorum
1006 3364 1134 3406 suorum

212 3435 304 3511 gloria
327 3437 422 3494 calcar
445 3443 474 3494 et
496 3437 715 3495 incitamentum
738 3436 776 3493 ad
798 3436 937 3494 virtutem
961 3436 1007 3494 sit.

167 3538 194 3579 35
281 3523 338 3597 Qui
350 3526 554 3600 magistratum
568 3525 711 3598 ambierit,
722 3543 830 3600 exspes
845 3525 973 3583 omnium
983 3525 1134 3586 redditur.
