2512 4020
176 298 215 356 82
534 314 637 366 nonus,
661 313 772 355 iucem.

218 494 327 552 ferrent
359 492 417 549 nisi
446 498 497 551 ant
527 493 637 550 ferrum
664 498 729 560 aut,
762 491 841 567 quod
869 491 994 568 quisque
1024 493 1148 552 referre

217 582 326 653 mallet,
349 600 454 639 auraun
476 583 688 656 argentumve?
725 580 802 639 Tum
824 598 900 656 quae
923 599 962 638 ex
984 580 1063 656 ipsis
1091 600 1148 640 ex-

217 670 360 746 portanda
383 670 449 743 sint,
472 689 507 728 ea
528 670 691 729 consultius
709 675 815 746 putant
828 670 864 727 ab
881 687 914 728 se
929 670 1030 728 efferri
1049 689 1146 747 quam

217 761 253 818 ab
284 759 350 816 aliis
380 759 462 816 illinc
489 759 562 834 peti,
593 776 650 835 qno
675 764 705 817 et
727 766 845 817 exteras
872 759 1004 835 undique
1033 765 1146 834 gentes

186 861 199 902 1
219 848 431 924 exploratiores
453 849 580 907 habeant
599 866 694 924 neque
707 847 918 906 maritimarum
932 866 1033 907 rerum
1049 867 1145 907 usum

218 955 253 995 ac
275 937 411 1012 peritiam
434 937 554 995 oblitum
579 943 654 996 eant.

572 1096 622 1155 De
651 1097 790 1156 servis..

284 1204 341 1262 Pro
365 1203 459 1262 servis
482 1221 578 1279 neque
601 1204 677 1262 bello
701 1209 803 1281 captos
818 1205 925 1263 habent
938 1203 997 1262 nisi
1011 1204 1048 1263 ab
1063 1204 1143 1281 ipsis

217 1298 299 1368 gesto
323 1311 419 1368 neque
436 1311 588 1351 seriorum
607 1293 683 1352 filios
697 1312 793 1370 neque
808 1292 933 1370 denique
947 1311 1142 1370 quemquam,

174 1393 201 1434 10
219 1400 309 1458 quem
324 1381 402 1458 apud
421 1381 494 1440 alias
508 1388 613 1457 gentes
629 1382 805 1441 servientem
819 1388 940 1458 possent
955 1399 1141 1458 comparare,

218 1471 271 1529 sed
294 1478 345 1529 aut.
368 1470 392 1528 si
415 1471 499 1530 cuins
522 1471 602 1547 apud
625 1489 658 1530 11
680 1471 825 1546 flagitirun
846 1470 877 1529 in
900 1470 1055 1530 servitium
1070 1491 1141 1531 ver-

217 1560 290 1618 titur
311 1565 362 1618 aut
384 1578 458 1636 quos
481 1560 560 1636 apud
583 1566 701 1619 exteras
715 1561 811 1634 urbes,
836 1560 914 1636 quod
929 1578 1025 1635 genus
1039 1562 1139 1621 multo

216 1648 398 1724 frequentius
415 1656 468 1723 est,
491 1649 653 1708 admissum
676 1650 790 1708 facinus
804 1649 964 1708 destinavit
978 1649 1137 1725 supplicio.

217 1737 328 1795 Eorum
350 1738 430 1796 enim
452 1738 561 1797 multos
581 1739 732 1797 interdum
744 1738 914 1797 aestimatos
929 1737 990 1813 vili,
1015 1739 1139 1815 saepius

173 1827 305 1885 11111111
337 1827 429 1901 gratis
463 1827 634 1903 impetratos
670 1828 814 1887 auferunt.
866 1827 949 1886 Haec
981 1845 1139 1886 servorum

217 1933 326 1990 genera
354 1934 413 1973 non
439 1916 471 1974 in
498 1934 586 1993 opere
614 1917 710 1975 solnm
732 1922 888 1993 perpetuo,
918 1917 1137 1976 verumetiam

216 2004 248 2061 in
270 2004 395 2063 vinculis
422 2005 539 2079 habent,
568 2005 622 2064 sed
645 2023 715 2064 suos
738 2005 850 2076 durius,
878 2023 953 2081 quos
976 2022 1010 2063 eo
1034 2004 1137 2081 deplo-

216 2093 337 2151 rationes
360 2112 395 2151 ac
418 2094 563 2153 deteriora
586 2096 706 2153 meritos
729 2094 866 2170 exempla
892 2098 1026 2166 censent,
1054 2095 1137 2170 quod

217 2187 277 2240 tam
300 2183 449 2258 praeclara
472 2183 644 2242 educatione
658 2184 695 2242 ad
709 2183 851 2242 virtutem
864 2182 983 2258 egregie
996 2182 1137 2242 instructi

172 2283 199 2324 20
218 2271 361 2330 contineri
383 2277 480 2330 tamen
503 2291 521 2331 1
544 2272 654 2331 scelere
676 2290 735 2331 non
762 2272 919 2348 potuerint.
957 2271 1048 2329 Aliud
1072 2289 1136 2332 ser·

217 2378 320 2418 vorum
351 2378 446 2436 genus
478 2366 536 2435 est,
568 2379 636 2420 cnm
665 2361 785 2420 alterius
812 2360 914 2437 populi
940 2360 1136 2420 mediastinus

217 2449 362 2525 quispiam
385 2449 547 2508 laboriosus
570 2468 605 2508 ac
627 2468 740 2526 pauper
763 2450 887 2525 elegerit
908 2449 987 2526 apud
1010 2467 1060 2508 eos
1080 2467 1137 2510 sua

217 2544 322 2612 sponte
351 2538 478 2614 servire3
509 2539 564 2596 hos
593 2540 715 2597 honeste
743 2543 869 2597 tractant
895 2557 944 2611 ac,
974 2537 1030 2597 nisi
1054 2540 1136 2615 quod

216 2626 325 2685 laboris
356 2632 458 2703 utpote
488 2628 635 2686 consuetis
667 2627 829 2704 imponitur
857 2627 1041 2703 plusculum,
1073 2647 1135 2687 non

77 2717 79 2723 '
172 2716 309 2774 21111111
341 2715 439 2774 minus
469 2718 631 2775 clementer
657 2734 692 2774 ac
720 2717 801 2775 cives
828 2716 952 2791 habent3
985 2717 1135 2776 volentem

173 2814 236 2869 [111]
258 2804 317 2862 dis-
337 2801 341 2884 Ι
362 2804 476 2878 cedere,
504 2805 582 2882 quod
610 2823 669 2864 non
696 2823 783 2882 saepe
806 2805 852 2879 fit,
882 2824 978 2883 neque
1006 2805 1136 2866 retinent

216 2892 343 2952 invitum
365 2912 465 2969 neque
485 2894 603 2953 inanem
626 2894 787 2953 dimittunt.

283 2984 492 3057 Aegrotantes,
515 2988 549 3042 ut
572 2983 646 3057 dixi,
669 3002 776 3059 magno
800 3001 868 3042 oum
890 2983 1006 3042 adfectu
1029 2990 1136 3044 curant

218 3071 350 3147 nihilque
360 3089 481 3148 prorsus
496 3073 642 3147 omittunt,
654 3091 711 3149 qno
722 3073 840 3132 sanitati
850 3091 900 3131 eos
910 3074 959 3132 vel
968 3072 1135 3134 medicinae

172 3171 199 3212 eo
216 3161 265 3218 vel
294 3160 391 3219 rictus
426 3161 629 3220 observatione
663 3163 837 3238 restituant;
872 3163 945 3240 quin
979 3162 1136 3222 insanabili

216 3250 316 3307 morbo
339 3249 504 3309 laborantes
527 3250 700 3324 adsidendo,
724 3251 940 3328 conloquendo,
967 3251 1134 3311 adhibendo

217 3337 337 3396 demmn
367 3357 441 3414 quae
468 3343 594 3415 possunt
620 3341 787 3399 levamenta
810 3341 948 3400 solantur.
994 3340 1134 3400 Ceterum

217 3426 243 3484 si
265 3445 324 3485 non
346 3426 571 3487 immedicabilis
594 3429 680 3487 modo
703 3431 823 3488 morbus
847 3429 893 3503 sit,
917 3447 1020 3487 rernm
1044 3429 1134 3489 etiam

216 3520 359 3592 perpetuo
383 3523 472 3576 vexet
498 3522 587 3595 atque
615 3517 787 3592 discruciet,
814 3523 878 3576 tum
906 3519 1075 3577 sacerdotes
1098 3538 1135 3578 ac
