2512 4020
168 299 232 358 110
521 316 633 372 moavs,
656 316 770 356 vrorra.

211 501 271 553 tam
302 494 360 552 alto
387 494 423 551 ab
452 494 531 552 omni
558 499 640 570 parte
669 493 797 566 silentio,
827 498 860 551 ut
882 493 948 570 ipsa
970 494 1014 552 rei
1036 493 1131 553 facies

211 590 352 642 terrorem
375 582 522 659 quendam
542 584 624 642 relut
644 583 807 659 praesentis
821 582 983 659 cuiuspiam
998 582 1129 640 numinis

211 672 342 731 incutiat.
388 672 506 731 Tellure
538 671 648 748 paulim
680 672 783 731 morati
813 671 881 730 dato
910 673 947 730 ab
977 668 1128 730 sacerdote

212 761 296 836 siguo
318 761 436 837 erigunt
464 778 538 820 sese.
584 759 659 819 Tum
687 760 791 820 laudes
814 760 877 819 Deo
905 765 1026 834 canunt,
1054 777 1129 837 quas

177 850 333 908 amusiois
364 850 570 908 instrumentis
600 849 825 925 interstinguut‚
857 849 922 908 aliis
954 868 1059 925 magna
1091 867 1128 908 ex

211 944 293 1014 parte
320 939 430 1012 formis,
458 957 547 1015 quam
574 956 649 1016 quae
676 944 775 997 nostro
798 939 936 997 visuntur
958 939 1034 997 orbe.
1080 937 1128 996 ldx

210 1027 270 1086 illis
292 1029 433 1104 pleraque
456 1028 551 1101 sicuti,
575 1046 650 1104 quae
674 1027 756 1086 nobis
778 1027 810 1086 iu
830 1045 886 1086 usu
901 1033 977 1101 sunt,
999 1027 1129 1086 multum

212 1117 356 1176 suavitate
377 1117 507 1189 vineunt,
530 1117 572 1176 ita
594 1117 739 1193 quaedam
762 1117 868 1176 uostris
891 1135 930 1175 ne
953 1116 1130 1176 conferenda

192 1206 333 1282 quidem
365 1206 431 1264 sint.
478 1206 591 1264 Verum
620 1224 677 1264 uua
708 1205 737 1263 in
765 1224 798 1264 re
826 1206 905 1264 haud
929 1205 1016 1264 dubie
1039 1206 1129 1280 longo

166 1307 193 1348 ro
211 1313 264 1353 nos
287 1295 441 1354 intervallo
464 1294 660 1371 praecellunt:
685 1295 763 1372 quod
782 1295 876 1353 omnis
891 1313 992 1353 eorum
1006 1295 1129 1366 musica,

212 1385 274 1442 sire
297 1403 373 1460 quae
396 1389 568 1460 personatur
590 1384 716 1459 organis,
740 1384 803 1442 sive
827 1402 915 1460 quam
930 1401 1001 1442 voce
1025 1384 1130 1443 modu-

211 1472 310 1531 lantur
340 1474 482 1546 humana,
519 1473 559 1532 ita
591 1472 739 1531 uatrrrales
771 1472 903 1532 adfectus
935 1473 1067 1532 imitatur
1099 1479 1130 1532 et

211 1559 361 1637 exprimit,
384 1562 425 1620 ita
448 1580 537 1621 sonus
560 1562 795 1621 accommodatur
809 1562 846 1620 ad
861 1580 932 1635 rem,
956 1579 1009 1620 seu
1024 1561 1130 1638 depre-

166 1662 254 1714 tmiiiial
278 1651 371 1709 cautis
394 1651 483 1710 oratio
503 1651 541 1709 sit
556 1669 608 1710 seu
622 1651 707 1720 laeta,
730 1651 889 1727 placabilis,
912 1651 1037 1723 turbida,
1060 1645 1128 1734 lul

167 1752 194 1793 15
212 1740 321 1815 gubriS,
345 1741 426 1813 irata,
449 1741 489 1799 ita
512 1740 556 1799 rei
579 1758 699 1799 sensum
717 1741 865 1816 quendam
878 1739 1021 1799 melodiae
1035 1741 1132 1799 lomna

211 1834 420 1905 repraesentat,
444 1835 477 1887 ut
499 1829 612 1888 animos
635 1828 801 1888 auditorum
824 1829 931 1887 mirum
954 1829 984 1886 in
1007 1829 1128 1887 modum

211 1917 340 1991 adficiat,
370 1924 517 1995 penetret,
547 1918 691 1977 incendat.
738 1918 889 1977 Solemnes
921 1918 958 1975 ad
990 1917 1129 1979 ultimruu

212 2008 360 2083 conceptis
384 2007 481 2066 verbis
511 2025 614 2083 preces
643 2007 778 2066 sacerdos
805 2007 914 2083 pariter
940 2007 1130 2083 populusque

211 2102 385 2172 percensent
407 2096 447 2155 ita
469 2096 653 2172 compositas,
676 2102 711 2155 ut
733 2114 808 2172 quae
828 2096 917 2154 simul
935 2095 1035 2155 cuncti
1054 2095 1130 2154 reci·

164 2196 193 2236 ⁴20
210 2190 282 2258 taut,
305 2185 442 2261 privatim
464 2185 590 2262 quisque
604 2185 642 2243 ad
657 2197 750 2244 semet
763 2186 878 2244 referat.
916 2184 952 2242 Iu
970 2184 1017 2243 his
1030 2183 1129 2243 Deum

212 2280 242 2332 et
264 2275 419 2333 creationis
442 2281 472 2333 et
494 2274 712 2350 gubernationis
736 2279 766 2333 et
789 2280 954 2333 ceterorum
977 2278 1132 2349 praeterea

212 2363 352 2423 bonorum
376 2363 510 2421 omnium
538 2363 660 2440 quilibet
687 2363 869 2438 recognoscit
895 2367 1057 2435 auctorem,
1085 2368 1130 2421 tot

212 2453 248 2509 ob
281 2458 399 2528 recepta
431 2453 571 2511 beneficia
603 2452 712 2527 gratias
742 2452 815 2527 agit,
847 2451 1019 2510 nominatim
1049 2468 1129 2523 vero,

186 2564 189 2572 ·
213 2541 291 2616 quod
318 2541 381 2600 Deo
409 2541 535 2617 propitio
562 2542 593 2598 iu
620 2560 685 2600 eam
715 2559 778 2599 rem
808 2540 955 2617 publicam
985 2539 1129 2613 inciderit,

164 2641 194 2682 25
213 2648 287 2706 quae
310 2630 348 2689 sit
371 2630 548 2704 felicissima,
571 2649 635 2688 eam
650 2630 822 2705 religionem
844 2629 963 2688 sortitus
978 2629 1024 2702 sit,
1039 2647 1128 2706 quam

186 2738 188 2744 ·
213 2725 312 2794 speret
334 2737 401 2778 esse
415 2719 605 2779 verissimam.
643 2718 707 2792 Qua
728 2719 758 2777 in
775 2737 807 2777 re
822 2719 847 2776 si
861 2719 932 2795 quid
946 2724 1024 2777 erret
1037 2722 1089 2776 aut
1104 2719 1128 2776 si

212 2808 284 2884 quid
307 2809 346 2866 sit
363 2809 503 2866 alterutra
519 2808 623 2867 melius
638 2813 668 2866 et
683 2808 761 2884 quod
775 2808 856 2866 Deus
870 2807 965 2882 magis
978 2807 1129 2883 approbet,

213 2915 295 2955 orare
319 2915 359 2969 se,
383 2897 446 2955 eius
470 2898 581 2956 bouitas
604 2897 719 2970 efficiat,
743 2898 798 2954 hoc
819 2902 853 2954 ut
876 2897 939 2972 ipse
955 2901 1128 2971 cognoscat:

212 2992 346 3061 paratum
365 2986 443 3044 enim
463 2986 547 3061 sequi
566 3004 606 3058 se,
625 3004 741 3062 quaqua
755 3003 860 3044 versus
879 2986 915 3044 ab
934 3003 968 3043 eo
987 2985 1128 3058 ducatur3

165 3087 194 3127 ao
213 3075 259 3132 sin
289 3080 318 3133 et
347 3075 420 3133 haec
450 3075 492 3133 rei
521 3075 655 3150 publicae
685 3075 777 3132 ferina
808 3075 846 3133 sit
876 3075 986 3149 optima
1014 3079 1044 3132 et
1075 3091 1129 3132 sua

212 3163 315 3237 religio
339 3163 510 3236 rectissima,
533 3168 606 3236 tum,
629 3163 672 3222 uti
696 3169 725 3222 et
741 3163 798 3240 ipsi
813 3163 1006 3221 constantiam
1019 3162 1130 3221 tribuat

213 3258 242 3310 et
252 3259 364 3310 eeteros
378 3252 518 3312 mortales
532 3253 644 3311 omneis
658 3253 695 3311 ad
704 3252 806 3311 eadem
815 3252 951 3310 instituta
960 3251 1087 3325 vivendi,
1098 3251 1128 3309 iu

211 3341 333 3400 eandem
341 3341 446 3400 deDeo
454 3341 618 3418 opinionem
627 3341 841 3417 perducat,nisi
849 3341 1129 3417 perinscrutabilem

211 3430 276 3488 eius
299 3431 479 3489 voluntatem
507 3431 594 3489 etiam
623 3430 673 3502 sit,
704 3430 782 3506 quod
810 3428 843 3488 in
870 3431 925 3488 hac
952 3429 1130 3504 religionum

165 3532 193 3572 aa
211 3519 353 3578 varietate
372 3519 507 3578 delectet.
539 3519 673 3595 Denique
693 3525 835 3594 precatur,
858 3526 893 3577 ut
906 3518 993 3578 facile
1007 3518 1130 3578 defunc-
