2512 4020
507 322 611 377 monus,
636 322 747 362 vrorm.

191 505 305 557 tantum
332 499 388 557 iuit
417 499 531 557 sudoris
555 499 801 572 exhauriendum,
829 499 969 558 restiterit
991 505 1107 558 tantum

192 589 255 661 hoc,
278 588 321 646 uti
345 589 388 646 sic
411 588 584 664 simpliciter
608 588 804 647 scriberentur
825 588 931 662 audita,
954 588 1028 646 nihil
1044 594 1109 646 erat

191 676 315 752 negotii;
340 677 392 735 sed
414 677 484 735 huic
506 683 605 735 tamen
629 684 688 735 tam
711 677 802 735 nihilo
816 677 926 752 negotii
939 677 1110 752 peragendo

192 772 289 824 cetera
315 765 431 841 negotia
453 784 519 824 mea
547 766 644 823 minus
671 767 733 824 tere
755 784 843 843 qnam
866 766 940 824 nihil
962 765 1108 841 temporis

160 854 381 931 arehqnerrmt.
423 854 499 912 Dum
524 873 628 913 causas
650 856 780 913 forenses
803 854 921 913 assidue
946 855 1018 913 alias
1041 873 1108 930 ago,

191 944 264 1002 alias
287 943 380 1017 audio,
403 943 475 1001 alias
493 944 602 1002 arbiter
616 944 693 1016 finio,
707 944 780 1002 alias
793 943 883 1002 iudex
898 944 1011 1016 dirimo,
1035 944 1105 1001 dum

191 1033 240 1090 hic
263 1032 351 1090 officii
374 1050 462 1090 causa
477 1033 591 1104 visitur,
614 1033 664 1090 1110
687 1033 807 1108 negotii,
831 1033 901 1090 dum
924 1033 995 1091 toris
1010 1038 1105 1090 totum

191 1122 284 1179 ferme
313 1120 390 1179 diem
418 1121 484 1179 aliis
511 1121 670 1197 impartior,
699 1121 845 1198 reliquum
868 1121 950 1194 meis,
973 1121 1109 1198 relinquo

191 1210 272 1283 mihi,
295 1210 352 1268 hcc
375 1216 422 1268 001
444 1210 558 1284 litteris,
581 1210 663 1268 nihil.
708 1210 823 1286 Nempe
846 1229 963 1269 reverso
987 1211 1105 1268 domum

149 1314 174 1353 m
193 1317 260 1357 cum
283 1316 376 1358 uxore
398 1298 588 1357 fabulandum
611 1305 665 1372 est,
693 1299 881 1375 garriendum
905 1318 972 1357 cum
995 1299 1108 1371 liberis,

192 1387 426 1464 conloquendum
455 1406 523 1447 cum
550 1388 705 1462 ministris,
737 1406 811 1464 quae
833 1406 887 1464 ego
910 1388 1007 1446 omnia
1030 1388 1110 1446 inter

191 1477 308 1552 negotia
330 1495 459 1551 numero,
483 1477 598 1554 quando
621 1477 684 1535 fieri
705 1495 825 1536 necesse
840 1483 901 1552 est3
925 1495 1047 1535 necesse
1061 1485 1108 1534 est

167 1572 297 1639 autem,
321 1566 378 1624 nisi
399 1567 475 1624 velis
498 1584 564 1625 esse
580 1566 660 1623 domi
675 1572 743 1625 tuae
757 1566 937 1642 peregrinus,
961 1572 991 1624 01
1010 1566 1105 1624 danda

192 1654 308 1713 omnino
339 1673 426 1730 opera
455 1661 514 1728 est,
544 1661 578 1713 01
607 1672 680 1730 quos
704 1655 781 1714 u'tae
808 1661 876 1714 tuae
905 1655 1027 1713 comites
1055 1661 1110 1712 aut

149 1758 173 1797 ra
193 1755 262 1809 [amn]
282 1748 386 1802 natura
395 1743 521 1819 providit
534 1750 585 1802 aut
594 1744 664 1802 10011
677 1762 723 1803 ca·
736 1749 739 1820 1
752 1762 803 1802 000
817 1750 868 1802 001
881 1744 945 1819 ipse
959 1743 1106 1818 delegisti,

191 1833 239 1890 his
267 1838 300 1890 01
326 1838 356 1890 10
383 1851 470 1908 quam
498 1833 741 1891 iucundissimum
770 1851 936 1909 compares,
963 1833 1049 1891 modo
1074 1839 1110 1890 ut

192 1940 228 1980 00
255 1921 392 1980 comitate
421 1937 590 1998 corrumpas
617 1931 675 1980 aut:
696 1922 878 1997 indulgentia
900 1940 939 1980 ex
962 1921 1105 1980 ministris

191 2010 324 2069 dominos
364 2010 478 2069 reddas.
539 2011 620 2070 Inter
655 2011 729 2069 haec
766 2029 840 2087 quae
881 2010 944 2069 dixi
982 2010 1109 2069 elabitur

191 2099 261 2172 dies,
291 2100 410 2173 mensiS,
438 2117 549 2158 annus:
585 2100 700 2176 quando
731 2118 801 2176 ergo
838 2100 1001 2158 scribimus.
1043 2099 1108 2158 Nec

146 2202 173 2242 20
190 2189 305 2248 interim
340 2188 377 2247 de
410 2206 510 2247 somno
543 2189 701 2266 quicquam
738 2207 804 2254 sum
832 2189 948 2248 locutus
985 2195 1018 2247 ut
1052 2206 1108 2246 nec

191 2278 228 2335 de
261 2278 324 2336 cibo
361 2277 497 2353 quidem,
535 2278 586 2354 qui
620 2278 720 2336 multis
753 2296 811 2337 non
843 2278 942 2336 minus
978 2277 1109 2336 absumit

191 2366 331 2443 temporis
356 2385 443 2442 quam
467 2384 588 2425 somnus
610 2367 684 2443 ipse,
708 2367 759 2443 qui
772 2367 849 2426 vitae
872 2367 999 2425 absumit
1014 2368 1107 2425 ferme

191 2455 354 2514 dimidium.
386 2456 427 2513 At
449 2455 521 2513 mihi
543 2457 599 2514 hoc
613 2456 709 2515 solum
727 2456 867 2531 temporis
881 2455 1012 2532 adquiro,
1027 2454 1104 2532 quod

192 2562 292 2603 somno
320 2544 441 2621 ciboque
469 2545 611 2621 suffuror3
643 2545 720 2622 quod
748 2545 883 2622 quoniam
905 2561 1028 2621 parcum
1051 2550 1107 2615 001,

146 2646 172 2686 aa
190 2634 283 2706 lente,
313 2633 381 2710 quia
408 2638 505 2692 tamen
533 2633 658 2711 aliquid,
691 2633 847 2711 aliquando
880 2633 989 2710 perfeci
1016 2639 1107 2710 atque

190 2723 227 2780 ad
250 2729 291 2795 te,
320 2722 360 2779 mi
387 2722 487 2796 Petre,
515 2723 666 2782 transmisi
687 2722 837 2798 Vtcpiam,
865 2730 899 2782 ut
920 2722 1037 2797 legeres
1066 2730 1106 2794 01,

192 2812 217 2869 01
240 2811 310 2887 quid
333 2811 487 2885 effilgisset
506 2829 570 2885 000,
593 2812 638 2870 011
656 2817 688 2870 10
707 2811 888 2871 admoneres.
922 2810 1104 2888 Quamquam

191 2900 268 2957 enim
287 2917 349 2966 non
372 2899 427 2958 hac
449 2905 531 2976 parte
554 2900 671 2976 penitus
695 2900 796 2959 diffido
814 2901 887 2959 mihi
910 2900 972 2977 (qui
993 2900 1108 2959 utinam

192 2988 235 3046 sic
257 2989 375 3063 ingenio
397 2994 486 3064 atque
509 2989 641 3048 doctrina
655 2989 764 3065 aliquid
779 3007 885 3064 essem,
909 2995 942 3048 ut
965 2989 1105 3049 memoria

146 3089 173 3132 ac
190 3095 248 3135 non
271 3095 365 3153 usque
388 3095 504 3153 quaque
527 3078 703 3151 destituorll,
727 3096 786 3158 non
804 3079 989 3155 usqueadeo
1007 3085 1105 3138 tamen

192 3165 318 3239 confido,
355 3170 389 3224 ut
420 3155 538 3225 credam
574 3167 648 3226 nihil
684 3167 757 3225 mihi
792 3168 923 3244 potuisse
957 3169 1107 3227 excidere.

190 3253 266 3312 Nam
289 3260 320 3313 et
341 3254 466 3314 loannes
489 3255 632 3328 Clemens,
660 3274 734 3332 puer
756 3275 849 3331 meus,
873 3257 924 3333 qui
946 3257 1048 3331 adfuit,
1071 3263 1107 3316 ut

158 3376 161 3380 ι
192 3343 257 3416 0010,
281 3362 347 3416 una,
371 3349 404 3401 01
426 3362 515 3419 quem
538 3344 651 3403 anullo
674 3346 768 3420 patior
791 3363 924 3405 sermone
946 3347 1052 3406 abesse
1074 3346 1106 3405 in

191 3450 248 3509 quo
271 3432 382 3508 aliquid
397 3450 463 3491 esse
479 3433 593 3491 fructus
607 3438 710 3508 potest,
735 3435 871 3510 quoniam
886 3437 922 3494 ab
937 3435 992 3494 hac
1005 3435 1107 3508 herba,

144 3535 171 3576 aa
190 3540 249 3599 qua
276 3527 306 3581 01
328 3521 440 3580 Latinis
468 3521 572 3580 litteris
600 3528 630 3580 01
658 3522 778 3582 Graecis
808 3524 904 3600 coepit
932 3524 1107 3598 evirescere,
