2512 4020
144 280 185 338 38
502 297 605 352 uonvs,
629 298 740 338 vrorm.

187 473 296 550 alioqui
323 475 396 550 quid
422 474 536 548 habuit,
564 475 643 551 quod
665 493 723 533 non
750 475 845 534 ubivis
873 475 932 534 dici
959 475 1008 534 vel
1035 493 1105 534 oon-

187 563 285 622 veniat
303 565 352 622 vel
375 566 525 640 oporteat?
547 563 695 640 Equidem
709 563 735 622 si
749 564 908 623 omittenda
922 570 992 623 sunt
1006 564 1103 622 omnia

187 659 326 728 tanquam
339 653 494 712 insolentia
507 658 596 729 atque
609 653 744 727 absurda,
755 671 957 729 quaecumque
968 654 1105 730 perversi

186 759 283 800 mores
314 742 467 800 hominum
500 743 632 800 fecerunt
665 748 699 800 ut
725 741 821 800 videri
849 743 965 819 possint
998 743 1104 815 aliena,

156 843 169 883 c
188 830 409 889 dissimulemus
424 835 540 907 oportet
552 831 631 907 apud
646 830 827 889 Christianos
842 832 982 908 pleraque
997 831 1104 905 omnia,

188 937 262 996 quae
299 919 435 978 Christus
471 919 571 978 docuit
601 938 636 978 ac
672 919 860 979 dissimulare
895 938 992 996 usque
1027 919 1104 979 adeo

188 1008 288 1082 vetuit,
311 1014 345 1067 ut
367 1027 401 1067 ea
424 1026 549 1085 quoque,
572 1026 647 1084 quae
660 1008 725 1084 ipse
738 1008 770 1066 in
787 1027 875 1067 aures
892 1008 1103 1081 immutasset,

189 1097 249 1155 suis
280 1098 379 1174 palam
410 1097 441 1154 in
472 1097 560 1156 tectis
595 1097 714 1156 iusserit
745 1097 917 1174 praedicari.
971 1096 1102 1170 Quorum

188 1185 315 1245 maxima
346 1205 415 1262 pars
447 1187 483 1245 ab
514 1186 581 1244 istis
612 1186 743 1244 moribus
774 1188 861 1262 longe
890 1193 940 1246 est
971 1186 1104 1259 alienior,

145 1287 170 1327 ro
188 1293 276 1351 quam
294 1294 361 1334 mea
373 1275 430 1334 fnit
445 1275 545 1349 oratio,
567 1275 625 1333 nisi
639 1276 717 1351 quod
732 1275 953 1349 contionatores,
968 1275 1105 1334 homines
1178 1277 1181 1284 '

189 1363 301 1438 callidi,
335 1369 420 1423 tuum
451 1364 524 1422 illud
557 1363 712 1422 consilium
742 1364 837 1423 secuti
866 1362 952 1440 puto,
985 1364 1105 1441 quando

188 1471 286 1511 mores
318 1471 387 1512 suos
418 1453 552 1511 homines
581 1453 619 1511 ad
650 1452 759 1511 Christi
794 1471 926 1512 normam
958 1453 1101 1528 gravatim

188 1547 359 1617 paterentm
380 1542 482 1618 aptari,
506 1541 667 1601 doctrinam
684 1541 748 1600 eius
763 1543 844 1601 velut
859 1543 992 1618 regulam
1005 1543 1105 1618 plum·

146 1643 196 1694 [db]
217 1632 302 1689 bearn
323 1628 326 1707 l
346 1631 642 1689 accommodaverunt
656 1630 694 1689 ad
709 1649 814 1705 mores,
835 1636 871 1689 nt
885 1631 983 1708 aliquo
999 1632 1102 1690 saltem

146 1733 171 1773 rs
189 1726 274 1795 pacto
298 1720 547 1795 coniungerentur
567 1719 696 1794 scilicet3
720 1738 778 1796 qua
792 1738 825 1778 re
841 1720 915 1778 nihil
928 1719 1016 1778 video
1032 1720 1102 1796 quid

189 1809 374 1885 profecerint,
398 1809 455 1867 nisi
477 1813 511 1866 ut
533 1808 668 1886 securius
682 1808 770 1867 liceat
789 1827 856 1876 esse
869 1809 971 1867 malos.
1004 1809 1105 1885 Atque

189 1898 254 1974 ipse
277 1898 408 1973 prolecto
435 1897 607 1957 tantundem
633 1898 785 1973 proficiam
812 1898 843 1955 in
871 1897 1002 1956 consiliis
1025 1898 1105 1974 prin-

190 1987 304 2063 cipum:
329 2005 396 2045 nam
419 1993 470 2046 aut
488 1987 605 2046 diversa
619 1986 753 2059 sentiam,
776 1987 855 2063 quod
874 1986 997 2062 perinde
1015 1986 1106 2045 luerit

189 2095 225 2134 ao
253 2075 277 2133 si
305 2076 379 2133 nihil
407 2076 543 2150 sentiam,
571 2082 623 2134 aut
649 2075 752 2134 eadem
776 2081 807 2134 et
828 2075 960 2152 ipsorum
987 2076 1106 2134 adiutor

145 2177 172 2218 20
191 2165 259 2238 sim,
292 2171 325 2223 ut
356 2165 452 2241 inquit
483 2165 570 2224 Micio
603 2164 809 2237 Terentianus,
840 2164 979 2223 insaniae.
1027 2164 1102 2223 Nam

190 2254 327 2330 obliquus
354 2254 406 2312 ille
434 2254 542 2312 ductus
564 2259 633 2312 tuus
657 2271 715 2311 non
738 2253 824 2312 video
848 2253 919 2330 qnid
943 2253 1000 2312 sibi
1022 2253 1105 2323 velit,

191 2361 248 2419 qno
272 2361 376 2401 censes
398 2343 603 2414 adnitendum,
634 2342 659 2400 si
682 2360 740 2400 non
762 2342 878 2418 possint
900 2342 997 2401 omnia
1019 2342 1104 2402 reddi

190 2433 273 2505 bona,
301 2438 400 2490 tamen
422 2437 456 2490 ut
477 2436 640 2490 tractentur
663 2431 815 2490 commode
837 2432 980 2508 fiantque,
1004 2431 1105 2508 quoad

189 2521 269 2594 licet,
294 2539 382 2597 quam
397 2520 518 2579 minime
531 2521 616 2579 mala.
649 2518 764 2597 Quippe
778 2538 835 2578 non
850 2525 896 2580 est
909 2520 951 2578 ibi
966 2520 1106 2579 dissimu-

146 2624 172 2664 ‘25
190 2610 270 2668 laudi
301 2611 384 2668 locus
415 2628 470 2668 nec
501 2610 572 2684 licet
604 2610 774 2668 connivere:
812 2609 999 2686 approbanda
1036 2616 1108 2668 sunt

191 2705 292 2775 aperte
323 2697 453 2775 pessima
484 2699 605 2757 consilia
635 2704 665 2759 et
694 2698 822 2757 decretis
854 2697 1106 2774 pestilentissimis

192 2788 436 2846 subscribendum
458 2793 518 2864 est,
543 2787 736 2863 speculatoris
759 2787 824 2845 vice
847 2787 935 2846 fuerit
953 2805 989 2846 ac
1011 2805 1107 2864 paene

191 2877 349 2953 proditoris
373 2877 469 2950 etiam,
493 2877 544 2953 qui
566 2877 698 2952 improbe
712 2875 846 2934 consulta
863 2875 991 2951 maligue
1005 2876 1107 2936 lauda-

192 2966 275 3025 ven't.
312 2967 401 3025 Porro
424 2966 497 3024 nihil
513 2966 648 3039 occurrit,
671 2965 702 3022 in
718 2983 776 3041 quo
791 2964 932 3041 prodesse
947 2965 1107 3042 quicquam

147 3068 174 3108 so
192 3055 288 3131 possis
311 3055 341 3113 in
365 3073 416 3114 eos
430 3055 544 3113 delatus
561 3054 697 3129 collegas,
720 3053 772 3130 qui
787 3055 835 3112 vel
849 3053 993 3129 optimum
1009 3053 1108 3113 virum

192 3144 307 3202 facilius
335 3144 529 3220 corruperint,
558 3162 645 3219 quam
673 3143 731 3218 ipsi
755 3143 949 3218 corrigantur,
980 3161 1104 3220 quorum

192 3251 331 3309 perversa
345 3233 557 3291 consuetudine
571 3233 619 3290 vel
631 3231 840 3308 depravaberis
852 3231 900 3290 vel
913 3230 977 3308 ipse
990 3231 1108 3308 integer

192 3329 281 3398 atque
290 3322 430 3380 innocens
440 3322 553 3381 alienae
562 3321 690 3379 malitiae
701 3321 902 3397 stultitiaeque
909 3320 1107 3397 praetexeris:
1140 3342 1144 3356 ·

151 3463 153 3468 .
193 3417 305 3469 tantum
329 3412 421 3484 abest,
444 3418 477 3469 ut
499 3410 610 3486 aliquid
633 3410 729 3486 possis
752 3410 783 3468 in
804 3409 910 3468 melius
924 3409 1042 3487 obliquo
1055 3407 1108 3468 illo

148 3514 174 3554 aa
194 3501 284 3559 ductu
307 3506 486 3559 convertere.
524 3498 615 3572 Quam
640 3499 763 3558 obrem
785 3498 984 3575 pulcherrima
1005 3497 1108 3558 simili-
