2512 4020
154 308 193 366 16
512 327 616 380 uorsus,
640 327 751 367 vrcrm.

154 521 167 543 ν
183 504 294 561 ¹turum
321 493 351 562 et
377 522 466 580 supra
495 504 607 562 iustum
633 509 680 562 est
708 509 738 562 et
765 522 821 562 non
844 523 882 564 ex
904 523 963 564 usu
986 506 1114 582 publice.

157 610 161 619 ·
194 592 249 650 Est
271 592 348 674 enim
371 593 408 650 ad
430 593 604 652 vindicanda
626 594 704 652 furta
726 593 813 652 nimis
832 600 915 652 atrox
937 613 991 653 nec
1013 601 1112 654 tamen

195 681 232 739 ad
246 681 416 740 refrenenda
432 683 589 741 sufficiens.
622 681 736 759 Quippe
749 701 844 759 neque
857 684 970 742 furtum
984 684 1112 760 simplex

195 775 255 827 tam
278 770 382 845 ingens
405 771 589 844 factumest,
612 776 646 829 ut
659 771 753 847 capite
776 771 880 831 debeat
896 772 994 848 plecti,
1017 761 1115 850 necue

163 858 256 916 sulla
282 877 375 935 poena
397 865 443 918 θεῖ
465 865 558 933 tanta,
587 866 619 918 ut
645 861 681 918 ab
709 860 867 919 latrociniis
894 861 1029 922 cohibeat
1051 880 1115 936 eos,

195 947 245 1023 qui
282 948 392 1006 nullam
424 949 510 1006 aliam
544 955 637 1007 artem
674 949 831 1026 quaerendi
867 951 963 1009 victus
994 951 1115 1010 habent.

194 1037 298 1113 Itaque
321 1038 376 1096 hac
398 1037 429 1095 in
452 1056 483 1096 re
506 1056 564 1096 ncn
578 1055 631 1096 vos
645 1038 739 1111 modo,
764 1038 816 1097 sed
838 1040 912 1097 bena
934 1057 1004 1116 pars
1022 1040 1115 1098 huius

195 1126 273 1184 orbis
294 1126 402 1184 imitari
416 1126 531 1185 videtur
544 1127 636 1185 malos
650 1133 862 1204 praeceptores,
886 1128 937 1204 qui
951 1127 1115 1204 discipules

193 1215 347 1273 verberant
368 1215 506 1274 libentius
529 1234 618 1292 quam
641 1217 753 1275 docent.
800 1216 1003 1275 Decernuntur
1032 1218 1115 1276 enim

152 1316 176 1354 10
194 1304 303 1362 iuranti
330 1304 430 1379 gravia
456 1311 544 1380 atque
571 1305 713 1364 horrenda
737 1305 894 1382 supplicia,
922 1324 989 1364 cmn
1012 1308 1116 1382 potius

194 1392 286 1451 multo
309 1393 398 1452 fuerit
420 1393 642 1469 providendum,
666 1394 710 1452 uti
732 1394 838 1470 aliquis
858 1400 937 1453 esset
950 1402 1116 1471 preventus

194 1481 287 1555 vitae,
318 1500 356 1541 ne
389 1483 524 1559 cuiquam
560 1488 621 1541 tam
659 1483 721 1540 dira
751 1483 789 1541 sit
824 1483 940 1542 iurandi
972 1484 1115 1559 primum,

194 1570 300 1628 dehinc
333 1571 475 1646 pereundi
506 1572 693 1630 necessitas.”
728 1605 769 1613 -—
799 1572 897 1643 “Est’',
927 1573 1022 1648 inquit
1051 1573 1116 1647 ille,

195 1659 283 1718 “satis
306 1661 361 1718 hcc
383 1661 548 1737 provisum3
574 1666 643 1719 sunt
664 1666 741 1719 artes
755 1661 949 1734 mechanicae,
973 1668 1018 1720 est
1033 1663 1116 1737 agri·

152 1761 175 1799 123
194 1748 313 1807 celatis:
350 1767 389 1807 ex
422 1749 468 1807 his
496 1750 573 1808 tueri
601 1750 690 1808 vitam
717 1749 815 1824 liceat,
850 1751 880 1808 ni
911 1757 1013 1826 sponte
1041 1752 1115 1810 mali

195 1855 261 1896 esse
284 1837 431 1897 mallent.'’
464 1840 521 1897 “At
547 1857 606 1897 non
629 1839 671 1897 sic
693 1839 827 1912 evades'’,
849 1840 977 1915 inquam.
1017 1839 1115 1899 “Nam

194 1926 320 2001 primum
351 1927 519 1985 omittamus
549 1945 607 2001 ees,
638 1927 689 2004 qui
719 1945 805 2004 saepe
834 1928 882 1987 vel
912 1928 948 1987 ab
979 1930 1117 1988 externis

193 2015 278 2074 bellis
302 2017 348 2075 vel
370 2016 505 2075 civilibus
528 2017 625 2075 mutili
652 2016 777 2075 redeunt
799 2017 931 2091 domum,
960 2023 994 2076 ut
1016 2036 1118 2094 nuper

192 2105 271 2180 apud
294 2123 347 2163 vcs
374 2123 390 2163 θ
419 2104 611 2164 Οοεειὼὶθηεί
640 2105 749 2182 proelio
778 2111 809 2164 et
837 2125 896 2164 non
924 2107 965 2164 ita
995 2106 1116 2182 pridem

148 2205 209 2252 2οθ
233 2192 358 2267 Gallice,
388 2195 439 2270 qui
467 2195 513 2253 vel
541 2195 584 2253 rei
611 2195 746 2272 publicae
775 2195 951 2271 impendrmt
980 2195 1115 2255 membra

193 2282 241 2340 vel
264 2283 335 2358 regi,
360 2301 433 2359 quos
456 2301 550 2360 neque
574 2284 713 2360 pristinas
732 2289 810 2342 artes
824 2302 960 2343 exercere
976 2284 1117 2344 debilitas

192 2372 302 2446 patitur
335 2390 429 2448 neque
462 2378 543 2431 aetas
578 2391 684 2431 novam
716 2372 843 2432 discere:
882 2374 948 2447 hoe,
980 2373 1115 2449 inquam,

194 2461 377 2534 omittamus,
430 2462 546 2537 quando
591 2462 667 2520 bella
707 2480 762 2538 per
810 2462 993 2520 intermissas
1029 2462 1116 2522 vices

193 2555 363 2608 commeant.
408 2549 451 2608 Ea
478 2551 721 2628 contemplemur,
754 2569 829 2628 quae
860 2551 942 2609 nullo
973 2551 1020 2609 die
1051 2570 1113 2611 non

148 2651 175 2690 as
194 2639 337 2697 accidunt.
384 2639 494 2698 Tantus
526 2645 572 2698 est
605 2657 675 2715 erge
706 2639 846 2699 nobilium
876 2659 1027 2713 numerus,
1060 2642 1114 2718 qui

192 2746 250 2785 non
278 2728 336 2803 ipsi
364 2729 451 2787 modo
479 2729 587 2804 degant
609 2729 693 2788 otiosi
717 2734 856 2806 tanquam
878 2729 939 2788 fuci
961 2729 1115 2789 lab01ibus

164 2816 329 2892 ,alierum,
367 2836 453 2894 quoe,
490 2825 575 2894 puta,
609 2836 728 2877 sucrum
755 2818 940 2894 praediorum
977 2818 1113 2892 colonos,

193 2906 336 2980 augendis
374 2907 516 2966 reditibus
550 2908 587 2966 ad
619 2908 720 2965 vivum
758 2925 852 2984 usque
887 2907 993 2966 radunt
1030 2908 1114 2984 (nam

192 3012 257 3052 eam
295 2996 387 3053 solam
425 2996 623 3071 frugalitatem
660 3014 768 3055 novere
808 2996 942 3055 homines
980 2996 1114 3072 alioquin

147 3096 174 3135 au
192 3083 229 3140 ad
259 3084 477 3144 mendicitatem
509 3104 603 3162 usque
632 3085 771 3162 prodigi),
801 3103 905 3144 verum
934 3085 1111 3145 immensam

192 3190 307 3248 quoque
331 3173 488 3232 otiosorum
512 3175 686 3250 stipatorum
702 3175 820 3232 turbam
834 3174 1047 3248 cirumferuut,
1058 3175 1134 3252 qui,

192 3254 303 3319 nullam
325 3281 455 3339 unquam
479 3263 638 3338 quaerendi
652 3263 749 3321 victus
772 3269 865 3322 artem
888 3263 1024 3322 didicere.
1061 3263 1113 3338 Hi,

193 3350 370 3427 simulatque
389 3352 481 3410 herus
500 3351 570 3410 obiit
585 3358 636 3410 aut
649 3352 706 3427 ipsi
719 3352 942 3427 aegrotaverint,
965 3352 1113 3412 eiciuntur

191 3439 281 3522 ilice.¹
304 3439 379 3498 Nam
402 3439 419 3499 e
456 3440 563 3518 otiosos
586 3441 725 3499 libentius
749 3460 836 3517 quam
859 3447 994 3516 aegrotos
1016 3442 1113 3516 alunt,

145 3541 172 3582 aa
190 3535 220 3588 et
243 3547 330 3606 saepe
352 3530 503 3589 morientis
526 3531 613 3589 heres
637 3549 693 3588 nen
707 3530 841 3606 protinus
860 3529 984 3590 alendae
999 3529 1122 3599 sufficit.
