2512 4020
151 320 193 378 56
512 336 615 391 nonus,
638 336 752 377 vrorm.

193 513 283 588 igitur
297 532 336 572 ex
349 513 467 572 familiis
481 518 595 573 constet
608 514 717 587 civitas
740 513 873 586 familias,
892 519 927 572 ut
940 513 1110 590 plurimum,

193 602 379 677 cognationes
402 603 540 661 efficiunt.
579 602 654 661 Nam
677 603 811 676 feminae,
834 603 886 661 ubi
907 603 1111 677 maturuerint,

194 692 358 750 conlocatae
380 691 493 750 maritis
515 693 546 750 in
569 693 699 767 ipsorum
718 692 864 750 domicilia
877 692 1058 769 concedunt;
1082 700 1112 752 at

193 780 317 839 masculi
338 780 391 838 filii
414 800 448 839 ac
471 781 608 857 deinceps
631 787 751 857 nepotes
769 781 800 838 in
814 780 924 839 familia
937 788 1113 857 permanent
1166 822 1170 828 -

161 875 224 927 oet
246 874 399 944 parentum
427 870 630 947 antiquissimo
657 876 773 946 parent,
806 870 862 928 nisi
892 887 962 946 prae
993 876 1113 930 senecta

193 967 290 1017 mente
314 977 417 1033 pamm
436 959 572 1017 valuerit:
596 965 667 1017 tunc
689 959 767 1017 enim
790 964 884 1018 aetate
907 959 1062 1035 proximus
1085 960 1113 1019 ei

193 1047 345 1105 sufficitur.
392 1048 503 1107 Verum
530 1065 567 1106 nc
594 1048 697 1106 civitas
724 1053 775 1106 aut
807 1047 871 1106 fieri
898 1048 1114 1124 infrequentior

194 1141 245 1194 ant
267 1136 345 1194 ultra
367 1137 486 1194 modum
515 1137 608 1212 possit
634 1137 805 1209 increscere,
833 1141 961 1209 cavetur,
989 1155 1027 1195 ne
1051 1137 1115 1196 ulla

149 1235 202 1290 [rja]
223 1225 341 1292 familia,
365 1244 489 1301 quarum
510 1224 513 1305 t
535 1226 615 1283 milia
638 1243 692 1284 sex
715 1243 848 1302 quaeque
867 1225 971 1284 civitas
985 1232 1114 1302 excepto

150 1326 175 1366 1o
195 1320 339 1373 conventu
362 1314 574 1390 complectitur,
598 1314 749 1390 pauciores
773 1333 861 1390 quam
879 1314 981 1373 decem
995 1314 1115 1390 plures·

192 1420 228 1460 ve
256 1422 345 1479 quam
373 1403 499 1461 sedecim
527 1405 653 1480 puberes
676 1403 782 1462 habeat
809 1403 1007 1480 (impuberum
1031 1404 1115 1462 enim

194 1492 293 1550 nullus
322 1492 471 1567 praefiniri
499 1510 639 1551 numerus
667 1491 790 1569 potest);
821 1493 869 1550 hic
895 1492 1001 1550 modus
1024 1493 1116 1552 facile

193 1587 326 1640 servatur
347 1581 530 1657 transcriptis
553 1581 600 1640 his
627 1582 657 1638 in
679 1581 803 1640 rariores
830 1581 969 1654 familiam,
999 1581 1053 1657 qui
1080 1582 1116 1640 in

193 1670 371 1744 plenioribus
394 1675 575 1730 excrescunt.

148 1771 174 1810 lo
260 1761 300 1817 At
328 1759 354 1817 si
382 1759 497 1835 quando
527 1760 557 1817 in
587 1764 679 1817 totum
710 1759 778 1835 plus
805 1759 882 1817 iusto
909 1758 1115 1833 abundaverit,

192 1847 314 1905 aliarum
344 1849 461 1906 urbium
491 1866 609 1907 suarum
639 1848 863 1924 infrequentiam
894 1848 1033 1907 sarciunt.
1081 1849 1116 1909 Si

193 1936 267 1995 forte
290 1955 345 2013 per
366 1943 457 1995 totam
480 1937 606 1996 insulam
628 1937 697 2013 plus
715 1955 808 2013 aequo
822 1937 914 1996 moles
927 1936 1114 2012 intumuerit,

192 2031 255 2082 tum
279 2045 317 2084 ex
341 2027 470 2102 qualibet
492 2028 564 2085 urbe
587 2026 742 2101 descriptis
765 2026 878 2085 civibus
897 2026 929 2083 in
942 2026 1116 2086 continente

192 2115 338 2189 proximo,
369 2116 546 2192 ubicumque
568 2115 713 2190 indigenis
736 2115 799 2190 agri
821 2115 949 2173 multum
971 2123 1116 2191 superest

147 2214 174 2255 20
192 2208 222 2261 et
237 2204 318 2262 cultu
328 2210 419 2277 vacat,
434 2204 577 2262 coloniam
591 2204 653 2263 suis
668 2205 800 2280 ipsorum
813 2204 930 2279 legibus
945 2211 1116 2280 propagant

192 2291 291 2351 ascitis
315 2311 372 2351 nna
395 2299 490 2352 terrae
504 2293 659 2368 indigenis
684 2293 709 2352 si
724 2293 878 2352 convivere
892 2310 994 2351 secum
1008 2293 1113 2352 velint.

193 2380 267 2439 Cum
298 2383 463 2441 volentibus
493 2382 641 2441 coniuncti
669 2382 700 2439 in
729 2381 807 2441 idem
834 2382 912 2440 ritae
941 2381 1114 2441 institutum

192 2471 370 2547 eosdemque
401 2489 498 2530 mores
530 2471 615 2530 facile
642 2472 809 2530 coalescunt
836 2471 926 2547 idque
952 2472 1113 2549 utriusque

192 2559 291 2635 populi
306 2561 395 2618 bono:
419 2561 552 2619 efficiunt
574 2560 653 2619 enim
676 2560 738 2618 suis
760 2559 911 2634 institutis,
935 2565 1018 2618 ntea
1031 2565 1113 2620 terra

146 2658 173 2700 25
191 2649 324 2725 utrisque
347 2650 461 2708 abunda
477 2649 522 2722 sit,
547 2667 621 2726 quae
638 2649 737 2708 alteris
751 2654 818 2708 ante
832 2667 920 2726 parca
932 2667 967 2707 ec
980 2649 1113 2726 maligna

191 2737 351 2797 videbatur.
381 2740 549 2797 Rennentes
565 2739 697 2814 ipsorum
706 2737 822 2814 legibus
832 2738 929 2797 vivere
939 2738 1112 2814 propellunt

191 2825 238 2884 his
274 2827 395 2901 finibus,
434 2845 508 2905 qnos
545 2828 600 2886 sibi
636 2827 694 2902 ipsi
726 2827 904 2886 describimt.
957 2826 1112 2886 Adversus

191 2923 390 2991 repugnantes
418 2917 493 2975 bello
517 2916 684 2992 confligunt.
730 2915 805 2974 Nam
829 2935 894 2975 eam
915 2915 1110 2975 iustissimam

191 3005 260 3062 belli
283 3024 400 3063 causam
424 3006 543 3078 ducunt,
567 3025 634 3063 cum
658 3005 785 3082 populus
806 3005 952 3082 quispiam
965 3004 1031 3064 eius
1046 3004 1110 3079 soli,

147 3106 173 3146 so
193 3112 250 3169 quo
281 3094 344 3170 ipse
376 3114 434 3153 non
466 3095 571 3168 utitur,
606 3094 657 3153 sed
690 3095 770 3153 velut
801 3094 887 3154 inane
917 3112 954 3152 ac
984 3111 1111 3154 vacuum

191 3183 330 3258 possidet,
354 3184 418 3243 aliis
442 3189 548 3258 tamen,
573 3184 623 3260 qni
645 3202 684 3242 ex
706 3189 828 3242 naturae
842 3183 1025 3261 praescripto
1040 3184 1110 3243 inde

191 3273 296 3330 nutriri
319 3274 452 3347 debeant,
475 3291 563 3331 usum
586 3291 620 3330 ac
643 3273 859 3349 possessionem
876 3272 1041 3332 inteniicat
1078 3272 1110 3335 si

192 3362 307 3436 qnando
337 3362 412 3420 ullas
440 3381 478 3420 ex
507 3363 568 3420 suis
596 3362 716 3420 urbibus
739 3362 845 3438 aliquis
867 3378 956 3422 casus
977 3379 1108 3441 eousque

190 3450 382 3524 imminuerit,
412 3456 445 3509 ut
472 3470 510 3509 ex
537 3450 603 3508 aliis
626 3450 739 3509 insulae
761 3450 894 3527 partibus
916 3456 1033 3513 sumu
1055 3468 1109 3513 suo

145 3551 173 3593 35
192 3540 335 3616 cuiusque
363 3541 443 3598 urbis
467 3540 552 3598 modo
575 3540 709 3598 resarciri
731 3557 792 3598 non
813 3538 1042 3627 pmsinb³jquod
1062 3540 1108 3601 bu

935 3704 1024 3775 finibit.
1095 3762 1111 3773 .·
