2512 4020
446 306 550 362 ironiis,
573 306 684 348 110111.
1005 291 1046 349 75

131 485 236 542 habere
264 484 438 543 commercii.
474 472 560 543 ¹Nam
584 485 662 560 quod
684 484 774 559 vulgo
797 501 917 544 sensum
943 484 1046 543 iucun-

131 573 220 632 ditate
242 573 430 648 pertundunt,
454 573 531 650 quod
553 574 710 650 voluptatis
734 592 808 650 opus
826 574 950 646 videtur,
973 573 1046 632 nihil

131 661 167 721 de
191 663 336 721 sententia
358 662 520 738 decedunt,
550 681 608 721 non
637 662 716 721 enim
743 663 837 739 ipsius
864 662 908 722 rei
934 669 1047 735 natura,

131 751 184 809 sed
205 752 338 828 ipsorum
360 769 499 827 perversa
521 752 702 811 consuetudo
724 753 755 810 in
777 756 939 814 causaest.
962 751 1048 810 cuius

98 840 200 900 ovitio
227 841 274 913 fit,
302 846 336 898 ut
363 859 461 899 amara
487 859 540 916 pro
568 841 704 900 dulcibus
731 841 957 918 amplectantur,
987 858 1046 899 non

129 929 214 988 aliter
235 947 270 988 ac
292 929 431 988 mulieres
454 930 591 1005 gravidae
614 930 710 1006 picem
733 949 767 989 ao
790 931 894 988 sebum
908 935 1048 1005 corrupto

129 1024 219 1093 gustu
229 1018 316 1076 melle
325 1018 466 1077 mellitius
479 1019 664 1077 arbitrantur.
692 1019 756 1077 Nec
765 1019 939 1094 cuiusquam
947 1025 1046 1077 tamen

130 1113 180 1166 aut
211 1108 312 1166 morbo
343 1113 395 1166 aut
429 1108 639 1166 consuetudine
676 1107 869 1184 depravatum
905 1107 1045 1165 iudicium
1071 1100 1076 1111 ’

130 1201 243 1255 mutare
281 1203 414 1255 naturam
446 1202 479 1255 ut
510 1215 568 1255 non
604 1196 727 1255 aliarum
764 1215 879 1269 rerum,
916 1196 957 1254 ita
991 1214 1047 1256 nec

85 1298 111 1339 10
130 1285 288 1361 voluptatis
311 1290 416 1361 potest.
610 1282 612 1288 '

196 1374 398 1450 Voluptatum,
422 1392 495 1450 quas
509 1392 594 1432 veras
616 1375 761 1448 fatentur,
776 1375 891 1450 81100108
914 1374 1047 1433 diuersas

129 1463 255 1538 faciunt,
280 1464 305 1521 si
323 1463 443 1540 quidem
465 1463 538 1521 alias
560 1463 665 1537 animo,
690 1463 804 1539 corpori
818 1463 889 1521 alias
903 1463 1046 1522 tribuunt.

129 1552 235 1611 Animo
263 1553 333 1611 dant
363 1552 545 1611 intellectum
576 1570 700 1628 eamque
732 1551 926 1624 dulcedinem,
957 1571 1045 1628 quam

129 1641 193 1699 veri
215 1641 421 1718 contemplatio
445 1641 602 1717 pepererit.
640 1641 689 1699 Ad
711 1642 784 1700 haec
807 1641 905 1700 suauis
928 1641 1048 1700 additur

85 1731 204 1790 lobene
233 1737 315 1790 actae
338 1730 416 1789 vitae
443 1730 584 1789 memoria
612 1736 642 1789 et
669 1748 738 1806 spes
761 1749 820 1789 non
843 1730 931 1789 dubia
953 1730 1047 1788 futuri

130 1819 205 1878 boni.

198 1908 333 1984 Corporis
361 1909 540 1985 voluptatem
571 1909 602 1966 in
631 1909 704 1966 111108
732 1908 899 1984 partiuntur
927 1908 1047 1980 formas,

130 2016 255 2074 quarum
277 1997 372 2073 prima
395 1997 433 2055 811
446 2016 488 2070 ea,
506 2015 580 2073 quae
597 2015 717 2057 sensum
730 1997 888 2073 perspicua
902 1997 1047 2055 suavitate

129 2087 287 2163 perfundit,
310 2086 389 2162 quod
411 2087 484 2145 alias
506 2104 607 2144 earum
629 2085 838 2145 instauratione
861 2086 990 2163 partium
1003 2085 1045 2158 fit,

83 2188 111 2228 10
129 2194 203 2252 quas
232 2175 339 2234 insitus
370 2175 453 2233 nobis
483 2176 562 2233 calor
591 2175 762 2234 exhauserit
791 2176 870 2251 (nam
897 2176 952 2233 hae
980 2173 1048 2233 cibo

129 2271 260 2341 potuque
282 2264 464 2343 redduntur),
487 2264 559 2322 alias
580 2264 651 2322 dum
666 2270 826 2340 egeruntur
839 2264 897 2337 illa,
921 2281 1046 2340 quorum

130 2354 214 2429 copia
236 2371 343 2429 eorpus
365 2355 521 2413 exuberat:
554 2354 627 2412 haec
650 2353 826 2429 suggeritur,
854 2354 1046 2412 11111ηο11010-

129 2443 236 2501 mentis
259 2443 396 2501 intestina
419 2461 580 2519 purgamus
603 2448 655 2501 aut
668 2460 757 2519 opera
773 2442 873 2501 liberis
892 2442 978 2500 datur
995 2448 1047 2500 aut

130 2531 219 2589 ullius
235 2532 355 2608 prurigo
370 2531 462 2607 partis
477 2531 565 2590 lrictu
580 2531 731 2607 scalptnve
744 2531 860 2591 lenitur.
892 2530 1047 2590 Interdum

83 2632 199 2679 1811010
227 2622 363 2696 voluptas
393 2621 485 2679 oritur
513 2639 567 2679 nec
593 2620 743 2678 redditura
766 2620 936 2697 quicquam,
967 2621 1046 2696 quod

129 2711 260 2769 membra
273 2717 372 2768 nostra
382 2709 556 2783 desiderent,
571 2728 627 2768 nec
640 2709 819 2786 ademptura,
835 2728 892 2785 quo
905 2710 1045 2781 laborent,

130 2805 260 2857 ceterum
279 2817 353 2875 quae
376 2817 481 2857 80118118
501 2804 615 2857 nostros
629 2805 728 2857 tamen
737 2799 767 2855 vi
781 2799 907 2875 quadem
922 2798 1047 2871 occulta,

131 2888 183 2946 sed
204 2887 322 2946 inlustri
344 2894 426 2945 motu
448 2887 548 2946 titillet
561 2887 737 2964 adficiatque
751 2893 781 2946 et
794 2888 825 2945 in
840 2906 872 2946 80
888 2893 1047 2959 convertat,

130 2977 226 3053 qualis
236 2995 273 3035 ex
283 2976 396 3034 musica
411 2977 549 3034 nascitur.
579 2977 709 3036 Alteram
723 2995 877 3052 corporeae
887 2976 1047 3052 voluptatis

83 3078 111 3119 ao
130 3067 253 3124 formam
269 3085 333 3124 eam
348 3067 450 3124 volunt
465 3083 540 3139 esse,
555 3084 629 3141 quae
643 3065 674 3123 in
691 3066 889 3142 quieto-atque
903 3066 1046 3142 aequabili

130 3155 259 3230 corporis
283 3160 361 3213 statu
385 3155 540 3230 consistat3
563 3154 595 3212 id
618 3160 663 3212 est
681 3155 821 3213 nimirum
836 3174 889 3214 sua
903 3155 1047 3231 cuiusque

129 3244 209 3301 nullo
239 3244 423 3319 interpellata
451 3243 528 3302 malo
555 3244 677 3302 sanitas:
708 3245 781 3303 haec
808 3245 833 3302 si
861 3244 991 3320 quidem,
1021 3243 1046 3301 si

129 3333 201 3390 nihil
216 3352 280 3391 eam
302 3333 411 3391 doloris
425 3339 583 3408 oppugnet,
607 3351 661 3409 per
676 3351 707 3392 se
721 3333 785 3409 ipsa
799 3334 932 3406 delectat,
957 3332 1046 3390 etiam

85 3433 133 3487 pja]
170 3422 194 3479 si
223 3422 303 3480 nulla
330 3423 514 3480 extrinsecus
536 3419 538 3501 1
560 3421 688 3479 adhibita
711 3422 859 3498 voluptate
886 3426 1046 3480 moneatur.

83 3524 110 3564 ao
124 3509 313 3586 ‚Quamquam
341 3512 418 3570 enim
449 3529 514 3569 sese
542 3512 639 3569 minus
667 3512 751 3569 effert
777 3511 932 3586 minusque
961 3511 1048 3568 offert

969 3704 1139 3786 D·
