2512 4020
512 1035 740 1108 Praefatio

383 1160 419 1218 iu
447 1178 540 1236 opus
568 1161 612 1219 de
640 1160 783 1236 optimo
811 1160 868 1219 rei

468 1267 648 1343 publicae
679 1272 794 1326 statu.

299 1352 425 1451 Thomas
447 1393 548 1450 Morus
571 1393 657 1450 Petro
680 1393 805 1468 Aegidio
828 1393 857 1451 S.
867 1393 899 1451 P.
911 1381 945 1452 D.

154 1529 261 1584 emim]
290 1518 385 1576 Pudet
407 1536 455 1576 me
479 1518 698 1594 propemodum,
722 1517 874 1577 carissime
888 1519 976 1576 Petro
991 1518 1106 1594 Aegidi,

190 1607 324 1666 libellum
352 1608 431 1665 hunc
458 1607 495 1665 de
518 1606 665 1682 Vtopiana
694 1624 726 1665 re
755 1607 873 1682 publica
902 1613 969 1684 post
998 1625 1107 1666 anuum

190 1698 254 1756 fere
281 1696 319 1754 ad
341 1702 371 1754 te
393 1696 523 1768 mittere,
554 1713 644 1772 quem
671 1702 701 1754 te
729 1713 787 1754 non
815 1696 916 1754 dubito
944 1696 1019 1755 iutra
1046 1713 1107 1755 ses-

191 1785 377 1862 quimensem
414 1791 617 1862 exspectasse,
657 1785 766 1861 quippe
802 1802 869 1843 cum
907 1785 998 1844 scires
1035 1786 1107 1844 mihi

191 1875 344 1950 demptmn
366 1874 398 1932 in
420 1875 477 1932 hoc
500 1890 588 1950 opere
610 1873 782 1932 inveniendi
804 1874 933 1933 laborem
957 1892 1053 1951 neque
1070 1874 1107 1933 de
1170 1943 1172 1948 ยน

144 1977 173 2018 ro
191 1960 384 2039 dispositione
407 1963 564 2040 quidpiam
587 1963 680 2021 tuisse
703 1963 899 2038 cogitandum,
922 1963 971 2021 eui
993 1968 1108 2022 tantum

191 2058 276 2112 erant
303 2070 338 2112 ea
367 2052 526 2125 recitanda,
556 2069 630 2128 quae
657 2058 756 2110 tecum
785 2068 844 2110 uua
877 2052 986 2128 pariter
1008 2052 1107 2110 audivi

191 2145 359 2200 narrantem
367 2141 560 2218 Raphaelem:
572 2158 662 2218 quare
675 2157 731 2200 nec
740 2147 809 2214 eret,
818 2141 896 2218 quod
905 2141 936 2199 in
945 2141 1107 2218 eloquendo

190 2231 381 2304 laboraretm,
405 2230 521 2306 quando
543 2247 598 2288 uec
620 2229 701 2288 illius
722 2247 818 2288 sermo
832 2229 928 2306 potuit
941 2230 1108 2307 exquisitus

192 2337 269 2392 esse,
293 2337 360 2378 cum
382 2326 462 2378 esset
475 2319 603 2396 primum
619 2318 776 2377 subitarius
790 2324 878 2394 atque
892 2319 1108 2396 extemporalis,

147 2422 173 2462 rs
192 2408 302 2468 deinde
329 2408 470 2482 hominis,
500 2413 533 2466 ut
560 2408 632 2481 scis,
663 2424 720 2466 non
748 2408 871 2483 perinde
898 2408 1002 2467 Latine
1030 2407 1109 2467 docti

192 2515 282 2575 quam
298 2494 416 2571 Graece,
439 2503 469 2556 et
491 2515 556 2556 mea
579 2497 669 2555 oratio
693 2503 800 2573 quanto
819 2497 973 2556 accederet
989 2497 1109 2574 propius

192 2587 230 2647 ad
260 2584 341 2645 illius
372 2585 538 2661 neglectam
571 2585 802 2662 simplicitatem,
832 2591 913 2644 tanto
942 2587 1042 2645 futura
1071 2585 1109 2644 sit

193 2675 312 2752 propior
334 2675 459 2749 veritati,
490 2675 536 2734 cui
564 2674 620 2733 hac
647 2675 677 2732 iu
706 2692 737 2733 re
766 2674 819 2733 soii
843 2692 942 2733 curam
966 2679 996 2733 et
1018 2675 1109 2734 debeo

193 2771 224 2824 et
246 2765 348 2824 habeo.

149 2865 175 2907 20
260 2853 371 2927 Fateor,
399 2853 440 2911 mi
463 2854 562 2926 Petre,
590 2853 661 2911 mihi
688 2853 761 2912 adeo
783 2852 910 2911 multum
932 2852 1040 2911 laboris
1063 2852 1109 2912 his

193 2943 284 3002 rebus
298 2943 407 3019 paratis
421 2942 593 3015 detractum,
613 2948 647 3000 ut
659 2957 753 3018 paene
770 2941 844 2999 nihil
858 2941 947 3001 tuerit
960 2941 1108 3000 relietum:

193 3032 323 3108 alioquin
332 3031 421 3092 huius
430 3031 473 3090 rei
483 3032 531 3090 vel
541 3030 716 3106 excogitatio
726 3031 774 3089 vel
790 3030 956 3089 oeconomia
966 3030 1110 3106 potuisset

193 3121 230 3180 ab
243 3120 362 3196 iugenio
376 3136 472 3197 neque
486 3120 587 3178 infimo
602 3136 696 3196 neque
710 3136 832 3196 prorsus
850 3119 967 3178 indocto
981 3120 1110 3195 postula-

194 3228 225 3269 re
240 3217 304 3269 tum
318 3209 459 3286 temporis
471 3209 603 3268 nonnihil
614 3215 678 3267 tum
693 3204 798 3285 studii,
818 3208 924 3284 quodsi
934 3208 1110 3284 exigeretur,

153 3308 178 3351 25
195 3305 228 3358 ut
251 3298 360 3358 diserte
384 3299 470 3358 etiam
494 3315 543 3357 res
565 3313 624 3356 uon
646 3303 760 3356 tautum
779 3315 849 3356 vere
872 3297 1057 3371 scriberetur,
1079 3297 1110 3355 id

195 3404 264 3447 vero
293 3405 312 3447 a
340 3404 388 3447 me
420 3387 565 3464 praestari
596 3385 677 3445 nullo
708 3393 857 3463 tempore,
894 3385 975 3444 nullo
1013 3386 1110 3445 studio

195 3477 348 3554 potuisset
380 3476 468 3536 Nunc
481 3493 552 3535 vero
574 3493 642 3535 cum
664 3475 768 3535 ablatis
782 3475 861 3534 curis
875 3475 930 3548 his,
953 3475 1110 3553 inquibus

928 3577 961 3629 X*-
