2512 4020
510 313 615 368 uonvs,
638 313 749 354 rrorri.
1067 296 1107 354 87

263 490 428 549 Convivunt
441 490 612 565 amabiliter,
632 491 742 567 quippe
751 495 811 550 'nec
825 491 1016 566 magistratus
1029 490 1110 550 ullus

194 580 325 638 insolens
348 585 400 638 aut
422 580 560 639 terribilis
583 585 644 639 est:
672 585 772 655 patres
795 581 982 656 appellantur
1005 585 1035 639 et
1058 599 1109 639 ex·

194 669 311 745 hibent,
335 669 442 727 iisdem
457 669 595 742 defertur,
618 676 652 727 ut
664 669 760 741 debet,
778 670 814 727 ab
828 669 994 728 volentibus
1008 669 1109 743 honor,

194 775 252 815 non
275 759 311 815 ab
334 758 434 815 invitis
458 749 596 832 exigitur.
634 757 681 816 Ne
699 758 862 834 principem
876 758 996 834 quidem
1011 758 1109 833 ipsum

163 846 285 905 orestis
308 851 359 905 aut
379 846 523 919 diadema,
548 845 601 905 sed
624 852 755 921 gestatus
778 847 919 905 frumenti
942 847 1110 922 manipulus

195 935 347 1008 discernit,
377 941 411 993 ut
440 936 586 1011 pontificis
613 936 729 1010 insigne
756 943 803 994 est
824 935 972 1012 praelatus
996 953 1109 994 cereus.

260 1024 356 1099 Leges
385 1025 495 1083 habent
523 1042 665 1101 perquam
694 1043 818 1100 paucas,
852 1025 1001 1083 sufficiunt
1030 1025 1109 1083 eninr

196 1113 238 1171 sic
260 1113 405 1172 institutis
428 1114 631 1189 paucissimae.
674 1112 751 1186 Quin
773 1114 829 1172 hoc
851 1113 882 1171 in
904 1114 1007 1189 primis
1030 1114 1109 1189 apud

194 1202 267 1260 alios
291 1203 457 1278 improbant
478 1204 612 1278 populos,
635 1203 714 1278 quod
736 1203 836 1278 legum
857 1203 1110 1278 interpretumque

150 1304 176 1344 10
195 1302 259 1356 [rua]
273 1291 423 1349 uolumina
432 1310 490 1350 non
499 1292 612 1350 infinita
623 1285 818 1373 suf-lliciunt.
839 1291 979 1368 Ipsivero
989 1298 1111 1350 censent

194 1379 415 1456 iniquissimum
437 1381 515 1438 ullos
538 1381 672 1438 homines
690 1380 737 1438 liis
751 1380 874 1455 obligari
888 1381 1012 1455 legibue,
1036 1398 1110 1456 quae

194 1475 246 1528 aut
267 1469 484 1528 numerosiores
508 1469 579 1543 sint,
608 1489 696 1546 quam
719 1475 753 1528 ut
774 1469 885 1546 perlegi
909 1476 1030 1545 queant,
1059 1477 1111 1528 aut

194 1558 385 1632 obscuriores,
409 1577 497 1634 quam
516 1566 550 1616 ut
563 1578 581 1616 a
594 1559 699 1635 quovis
713 1558 828 1634 possint
840 1558 983 1632 intellegi.
1018 1559 1110 1616 Porro

193 1647 363 1721 causidicos,
394 1647 445 1723 qui
469 1665 572 1706 causas
595 1654 720 1706 tractent
742 1647 846 1706 callide
869 1666 904 1705 ac
926 1648 1007 1722 leges
1029 1648 1110 1705 vafre

148 1749 174 1788 15
193 1735 353 1812 disputent,
382 1754 507 1812 prorsus
534 1755 636 1795 omnes
663 1737 833 1796 excludunt.
879 1737 1008 1795 Censent
1031 1736 1110 1794 enim

194 1843 232 1882 ex
255 1842 312 1882 usu
333 1843 408 1898 esse,
431 1831 465 1883 ut
487 1844 570 1883 suam
585 1822 710 1902 quisque
726 1844 845 1884 causam
860 1832 928 1900 agat
950 1826 1110 1901 eademque

192 1915 300 1972 referat
322 1914 421 1988 iudici,
445 1932 521 1989 quae
544 1921 714 1973 narratruus
733 1920 854 1990 patrono
877 1916 986 1973 luerat:
1016 1914 1110 1974 sicet

193 2002 293 2061 minus
315 2004 471 2078 ambagum
494 2005 556 2061 fore
580 2009 610 2062 et
632 2004 748 2062 facilius
771 2004 838 2062 elici
855 1992 1015 2077 veritatem,
1038 2003 1110 2061 dum

192 2109 226 2150 eo
250 2091 375 2165 dicente,
399 2111 488 2168 quem
502 2092 602 2151 nullus
616 2099 756 2169 patronus
770 2094 870 2151 fucum
887 2093 994 2166 docuit,
1018 2092 1109 2150 iudex

148 2192 175 2233 20
195 2181 331 2239 sollerter
353 2181 495 2257 expendit
513 2182 629 2255 singula
644 2187 674 2240 et
687 2187 787 2240 eontra
798 2188 985 2240 versutorum
1000 2181 1109 2240 calum-

194 2270 257 2327 nias
290 2270 516 2346 simplicioribus
546 2271 672 2346 ingeniis
702 2271 868 2346 opitulatur.
920 2270 1002 2329 Haec
1030 2271 1110 2346 apud

193 2359 266 2416 alias
289 2366 394 2433 gentes
416 2360 447 2416 iu
470 2365 550 2418 tanto
573 2359 866 2436 perplexissimarum
889 2378 994 2418 acervo
1010 2361 1109 2434 legum

193 2447 313 2506 difficile
336 2454 382 2507 est
404 2449 566 2524 observari3
591 2455 721 2508 ceteriun
743 2448 823 2525 apud
838 2466 889 2506 eos
904 2447 1109 2524 unusquisque

193 2544 240 2595 est
261 2537 336 2612 legis
350 2537 472 2613 peritus.
509 2538 585 2596 Nam
608 2543 639 2596 et
662 2543 738 2611 sunt,
762 2543 795 2595 ut
813 2536 885 2610 dixi,
904 2537 1109 2612 paucissimae,

148 2637 175 2678 25
193 2632 223 2684 et
244 2627 519 2702 interpretationum
541 2633 694 2703 praeterea
716 2632 750 2684 ut
772 2644 907 2703 quaeque
922 2631 968 2684 est
981 2625 1110 2683 maxime

195 2733 306 2787 crassa,
339 2716 380 2773 ita
412 2717 539 2774 maxime
571 2734 693 2792 aequam
723 2721 853 2774 censent.
898 2714 1012 2790 Nempe
1041 2732 1110 2772 cum

194 2822 295 2862 omnes
315 2804 408 2878 leger,
430 2804 576 2880 inquiunt,
600 2824 636 2863 ea
648 2810 762 2862 tantum
775 2822 864 2863 causa
877 2804 1109 2879 promulgentur,

194 2899 227 2950 ut
250 2893 286 2950 ab
309 2893 356 2951 his
385 2893 510 2969 quisque
538 2894 584 2951 sui
612 2893 816 2952 commonebat
844 2892 945 2965 officii,
977 2892 1110 2950 subtilior

193 2981 392 3057 interpretatio
421 2982 615 3058 paucissimos
644 2982 781 3040 admonet
810 2982 907 3058 (pauci
930 2981 1008 3039 enim
1032 2987 1109 3054 sunt,

148 3070 244 3146 coqui
272 3071 496 3146 adsequantur),
527 3089 594 3129 cum
623 3070 741 3129 interim
771 3070 931 3147 simplicior
957 3089 992 3129 ac
1014 3070 1110 3145 magis

194 3160 298 3218 obrius
320 3161 420 3234 legmn
445 3177 550 3218 sensus
573 3160 707 3218 omnibus
730 3159 760 3216 in
782 3164 883 3235 aperto
898 3159 945 3217 sit.
982 3159 1109 3235 Alioqui,

195 3249 272 3324 quod
295 3249 333 3307 ad
347 3250 455 3322 vulgus
469 3249 583 3321 attinet,
606 3249 690 3307 cuius
705 3254 735 3307 et
748 3249 894 3307 maximus
909 3254 955 3307 est
968 3266 1109 3306 numerus

194 3345 224 3396 et
246 3338 374 3396 maxime
398 3344 465 3413 eget
487 3337 645 3410 admonitu,
669 3337 741 3413 quid
759 3339 874 3412 referat,
897 3342 996 3396 utrum
1010 3337 1109 3411 legem

194 3427 311 3485 omnino
335 3445 392 3484 non
416 3428 523 3485 condas
546 3445 585 3485 an
599 3427 746 3485 conditam
760 3427 791 3484 in
804 3428 894 3485 talem
907 3426 1109 3502 interpreteris

149 3528 176 3568 35
195 3516 377 3589 sententiam,
401 3534 488 3592 quam
511 3516 568 3573 nisi
591 3534 697 3591 magno
719 3516 836 3590 ingenio
860 3522 891 3574 et
904 3515 992 3590 longa
1007 3515 1109 3591 dispu-
