2512 4020
505 307 608 363 uonvs,
631 307 742 350 vroffl.

191 503 315 560 quorum
344 485 432 559 longa
460 490 490 543 et
515 489 610 543 totum
638 502 693 561 per
719 483 830 543 vicum,
842 490 987 560 perpetua
1015 484 1108 544 series

191 574 314 632 adversa
344 573 496 632 domorum
525 574 620 632 fronte
649 572 835 649 conspicitur.
881 573 944 632 Has
973 574 1108 634 vicorum

190 664 301 721 frontes
319 664 366 721 vio
389 662 544 737 distinguit
556 661 647 738 pedes
660 661 773 736 triginti
786 661 853 721 lata.
890 661 1109 722 Posterioribus

190 751 306 810 aedium
336 751 482 828 partibus,
513 756 621 828 quanta
648 756 695 810 est
721 750 779 809 vici
806 751 972 826 longitudo,
1002 753 1109 812 hortus

159 853 172 894 n
190 840 304 899 adiacet
325 841 402 900 latus
421 846 451 899 et
466 840 598 898 vicorum
612 839 704 915 tergis
717 839 847 915 undique
862 840 1108 917 circumsaeptus

256 928 346 988 Nulla
368 929 473 988 domus
496 934 549 1002 est,
573 946 648 1004 quae
670 946 729 987 non
751 934 786 986 ut
799 929 906 987 ostium
923 929 956 988 in
968 929 1109 1006 plateam,

190 1019 232 1077 ita
253 1018 400 1095 posticum
422 1018 454 1076 in
476 1019 595 1076 hortum
618 1018 730 1077 babeat.
767 1015 844 1090 Quin
866 1018 976 1077 bifores
990 1037 1110 1096 quoque

190 1107 270 1166 facili
305 1113 400 1166 tractu
437 1125 542 1165 manus
573 1106 711 1182 ape1tiles
747 1124 782 1165 ac
813 1105 882 1165 dein
914 1124 969 1166 sua
1003 1113 1110 1183 sponte

191 1201 329 1255 coeuntes
366 1196 500 1272 quemvis
538 1195 752 1254 intromitttmt:
792 1195 833 1254 ita
867 1195 942 1253 nihil
980 1213 1110 1272 nsquam

146 1298 172 1338 ro
190 1285 297 1361 privati
324 1290 384 1362 est3
415 1303 483 1343 nam
511 1284 612 1342 domos
639 1284 720 1361 ipsas
743 1302 801 1342 uno
825 1302 943 1361 quoque
965 1285 1111 1344 decennio

190 1380 269 1434 sorte
293 1379 480 1432 commutant.
525 1373 588 1433 Hos
610 1374 710 1432 hortos
733 1373 832 1448 magni
853 1373 982 1448 iaciunt3
1005 1373 1037 1432 in
1060 1375 1111 1433 his

190 1463 304 1537 vineas,
333 1464 460 1537 inlotus,
488 1463 607 1536 herbae,
638 1463 727 1521 flores
756 1463 865 1521 habent
898 1468 980 1521 tanto
1011 1462 1111 1522 nitore

191 1551 344 1629 cultuque,
372 1557 406 1610 ut
427 1551 501 1610 nihil
523 1552 702 1610 fructuosius
724 1569 851 1627 usquam
872 1551 1006 1625 viderim,
1034 1551 1111 1611 nihil

190 1641 363 1716 elegantius,
387 1660 446 1717 qua
461 1641 492 1699 in
507 1659 540 1698 re
555 1640 687 1699 studium
703 1659 803 1700 eorum
820 1658 879 1698 non
891 1641 958 1717 ipsa
971 1640 1111 1717 voluptas

147 1743 173 1783 15
192 1731 286 1804 modo,
311 1730 362 1790 sed
384 1730 517 1788 vicorum
533 1722 656 1806 'quoque
678 1728 806 1788 invicem
828 1729 866 1787 de
889 1747 943 1788 suo
964 1730 1111 1807 cuiusque

191 1819 268 1877 horti
298 1819 379 1878 cultu
411 1824 559 1878 certamen
590 1818 738 1894 acoendit;
771 1823 801 1877 et
830 1823 909 1877 certe
938 1837 998 1876 non
1027 1819 1111 1878 aliud

191 1908 349 1984 quicquam
380 1913 491 1967 temere
520 1908 593 1966 urbe
623 1913 684 1967 tota
710 1907 841 1983 reperias
856 1907 932 1966 ¹sive
959 1907 998 1966 ad
1021 1925 1110 1966 usum

191 1997 301 2056 civium
324 1997 387 2056 sive
409 1997 446 2055 ad
468 1997 649 2073 voluptatem
672 1995 862 2064 commodius,
887 2014 981 2072 eoque
995 1996 1110 2055 nullius

191 2087 235 2146 rei
249 2104 336 2162 quam
351 2086 519 2145 huiusmodi
534 2086 686 2144 hortorum
699 2085 838 2143 maiorem
852 2085 993 2144 habuisse
1007 2104 1110 2145 curam

147 2188 173 2228 ao
192 2175 309 2234 videtur
330 2175 365 2248 ie,
389 2175 441 2251 qui
463 2175 600 2234 condidit.

257 2263 336 2323 Nam
366 2270 457 2323 totam
488 2265 565 2322 hanc
596 2263 678 2322 urbis
709 2264 834 2338 figuram
866 2262 925 2320 iam
957 2263 994 2322 ab
1025 2261 1111 2322 initio

192 2353 370 2430 descriptam
384 2354 420 2412 ab
435 2353 500 2429 ipso
509 2352 605 2429 Vtopo
619 2354 727 2411 ferunt.
752 2351 809 2411 Sed
820 2357 955 2410 ornatum
963 2356 1110 2412 ceterum-

193 2460 250 2518 que
283 2442 411 2515 cultum,
449 2442 556 2518 quibus
592 2441 681 2500 unius
713 2446 837 2500 aetatem
870 2440 998 2499 hominis
1030 2441 1110 2499 haud

193 2532 383 2590 suffecturam
396 2530 478 2604 vidit,
500 2530 627 2606 posteris
641 2529 828 2589 adiciendum
842 2529 971 2606 reliquit.
1004 2529 1110 2606 Itaque

148 2632 174 2672 ro
193 2619 335 2696 scriptum
362 2620 393 2677 in
420 2619 573 2677 annalibus
601 2620 722 2692 habent,
751 2636 825 2695 quos
848 2619 884 2678 ab
907 2623 992 2694 capta
1014 2636 1110 2696 usque

192 2708 289 2766 insula
323 2708 403 2767 mille
437 2707 690 2784 septingentorum
717 2725 752 2767 ac
779 2707 932 2782 sexaginta
966 2724 1109 2767 annorum

193 2798 422 2873 complectentes
452 2797 604 2856 historiam
633 2796 791 2871 diligenter
819 2801 849 2855 et
876 2796 1014 2871 religiose
1043 2813 1109 2873 per-

193 2885 318 2962 scriptos
355 2886 527 2959 adservant,
564 2886 652 2945 aedes
683 2885 766 2944 initio
794 2885 923 2944 humiles
951 2903 986 2943 ao
1018 2884 1109 2944 veluti

194 2992 276 3033 casas
304 2981 334 3033 et
361 2975 477 3050 tuguria
500 2975 593 3033 fuisse
616 2974 746 3051 quolibet
768 2973 848 3048 ligno
871 2979 982 3032 temere
1009 2974 1107 3046 factas,

148 3076 175 3117 30
194 3075 251 3130 [fita]
272 3064 367 3141 parie-
388 3061 392 3145 l
412 3069 457 3123 tes
479 3064 620 3122 obductos
633 3063 711 3139 luto;
735 3062 865 3122 culmina
877 3062 907 3122 in
921 3062 1015 3122 aciem
1028 3062 1108 3121 fasti-

193 3153 272 3227 giata
300 3153 467 3212 stramentis
495 3157 678 3229 operuerant.
723 3153 763 3210 At
785 3169 864 3210 nunc
886 3151 981 3210 omnis
1004 3151 1108 3211 domus

194 3241 316 3300 visenda
337 3243 431 3301 forma
452 3243 649 3300 tabulatorum
669 3241 774 3317 trium3
796 3240 943 3316 parietum
955 3239 1047 3299 facies
1059 3245 1108 3300 aut

194 3330 276 3390 silice
299 3338 350 3390 aut
372 3331 470 3407 lapide
492 3331 567 3389 duro
589 3335 640 3388 aut
660 3330 786 3406 denique
807 3329 902 3388 coctili
916 3333 1107 3400 constructae,

192 3420 224 3478 in
246 3421 362 3480 alveum
384 3421 530 3479 introrsus
548 3424 687 3494 congesto
704 3419 828 3494 rudere,
851 3423 930 3478 tecta
944 3418 976 3476 in
988 3418 1107 3495 planum

149 3522 175 3562 as
195 3509 346 3584 subducta,
371 3528 446 3586 quae
463 3508 603 3569 sementis
617 3507 794 3585 quibusdam
807 3505 1107 3582 internuntiorum
