2512 4020
147 287 188 344 66
507 303 612 356 nonus,
635 303 746 344 vrorm.

188 481 220 538 in
251 480 355 556 pilleo,
388 499 462 556 quae
494 480 661 555 margaritis
689 499 724 540 ac
750 479 876 556 gemmis
906 481 1106 556 adtulgebant,

189 569 324 628 omnibus
338 574 486 645 postremo
509 570 598 628 rebus
622 570 723 643 ornati,
747 588 822 647 quae
838 570 917 646 apud
927 570 1106 646 Vtopienses

189 664 241 717 aut
271 676 422 717 servorum
453 658 597 734 supplicia
624 664 676 717 aut
702 659 856 718 infamium
884 659 1029 718 dedecora
1057 665 1107 718 aut

189 766 348 823 puerorum
377 753 554 822 nugamenta
581 748 672 806 fuere.
717 748 820 825 ltaque
848 767 954 824 operae
977 748 1107 824 pretium

158 843 252 895 5erat
279 837 393 909 videre,
423 855 481 913 quo
508 841 592 912 paeto
621 837 726 895 cristas
753 838 910 910 erexerint,
940 837 992 896 ubi
1020 856 1107 896 suum

190 930 323 983 ornatum
355 943 423 983 cum
451 925 657 1001 Vtopiensimn
687 926 797 985 vestitu
829 929 907 1003 (nam
939 926 971 984 in
1000 927 1108 1002 plateis

190 1032 255 1074 sese
264 1015 392 1091 populus
406 1014 559 1090 effuderat)
573 1015 739 1090 contulere,
760 1020 918 1091 mntraque
933 1033 992 1074 non
1007 1015 1108 1074 minus

190 1110 252 1163 erat
273 1103 432 1179 voluptatis
455 1104 648 1177 considerare,
672 1122 761 1180 quam
783 1105 870 1179 longe
894 1121 948 1163 sua
971 1122 1022 1162 eos
1039 1122 1109 1180 spes

146 1203 200 1257 [hjal
229 1192 467 1269 exspectatioque
498 1193 645 1252 fefellerat
678 1211 825 1269 quamque
859 1193 950 1268 longe
979 1194 1015 1252 ab
1046 1188 1106 1276 eal

145 1295 171 1335 10
190 1281 407 1341 existimatione
421 1283 548 1355 aberant,
559 1300 646 1357 quam
663 1299 696 1340 se
706 1286 913 1341 consecuturos
922 1287 1109 1358 putaverant.

189 1371 303 1446 Nempe
322 1369 527 1446 Vtopiensium
550 1370 644 1429 oculis
667 1371 797 1429 omnium
819 1371 953 1446 exceptis
978 1376 1110 1446 praeter·

190 1479 277 1536 quam
300 1460 411 1535 poncia,
436 1459 486 1536 qui
508 1459 580 1518 alias
604 1465 707 1534 gentes
730 1460 828 1536 aliqua
841 1460 947 1519 idonea
963 1460 1001 1519 de
1018 1478 1111 1519 causa

189 1549 363 1622 inviserant,
396 1554 476 1607 totus
507 1548 559 1607 ille
589 1549 728 1625 splendor
758 1555 917 1624 apparatus
949 1549 1110 1624 pudendus

190 1638 351 1711 videbatur,
376 1644 406 1697 et
419 1637 553 1695 infimum
568 1655 715 1714 quemque
729 1656 782 1713 pro
797 1638 922 1696 dominis
936 1644 1112 1697 reverenter

146 1739 172 1780 15
192 1727 353 1786 salutantes
376 1727 490 1801 legatos
512 1727 594 1802 ipsos
618 1745 656 1785 ex
679 1745 835 1785 aurearum
857 1745 914 1785 usu
938 1732 1112 1786 catenamrm

189 1834 243 1892 pro
266 1815 360 1874 servis
383 1816 497 1874 habitos
522 1816 585 1874 sine
612 1816 673 1874 ullo
701 1833 823 1891 prorsus
845 1816 956 1874 honore
979 1821 1111 1891 praeter-

189 1906 342 1964 miserunt.
383 1903 459 1978 Quin
482 1923 590 1980 pueros
613 1922 730 1982 quoque
749 1904 884 1978 vidisses,
908 1905 959 1980 qui
973 1922 1111 1979 gemmas

189 2013 223 2052 ac
246 1994 418 2068 margaritas
441 1994 615 2067 abiecerant,
638 1994 689 2052 ubi
711 1994 743 2050 in
762 1994 926 2068 legatorum
941 1993 1041 2070 pilleis
1058 1995 1112 2053 ad·

189 2084 265 2141 fixas
279 2088 505 2158 conspexerunt,
524 2083 701 2159 compellare
715 2088 838 2141 matrem
851 2101 886 2140 ac
899 2082 978 2141 latus
991 2082 1111 2142 fodere:

145 2183 172 2225 20
190 2172 265 2246 “En,
293 2178 400 2245 mater,
431 2190 519 2247 quam
542 2190 666 2246 magnus
689 2173 797 2230 nebulo
819 2171 986 2246 margaritis
1009 2172 1112 2232 adhuc

189 2267 219 2319 et
241 2261 400 2336 gemmulis
423 2261 522 2334 utitur,
545 2279 579 2318 ac
595 2261 620 2319 si
635 2266 715 2320 esset
727 2259 904 2336 puerulusl’'
936 2261 977 2319 At
989 2279 1111 2336 parens,

190 2351 266 2408 serio
299 2350 388 2408 etiam
415 2350 475 2424 illa,
503 2349 632 2423 “Tace’',
663 2350 772 2426 inquit,
796 2349 877 2425 “fili3
908 2354 967 2423 est,
996 2349 1111 2426 opinor,

191 2439 338 2515 quispiam
352 2457 368 2498 e
382 2439 560 2497 morionibus
582 2438 775 2513 legatorum.”
815 2438 875 2496 Alii
898 2444 1017 2497 catenas
1041 2439 1111 2498 illas

190 2546 293 2587 aureas
316 2527 534 2604 reprehendere
558 2533 658 2604 utpote
681 2528 792 2586 nullius
815 2545 888 2586 usus
911 2528 1021 2604 quippe
1047 2534 1111 2586 tam

145 2628 172 2670 25
190 2617 328 2692 graciles,
358 2623 392 2676 ut
418 2635 468 2676 eas
494 2617 581 2675 facile
609 2635 713 2675 servus
740 2616 912 2691 infringere,
941 2621 1001 2674 tam
1023 2616 1111 2676 laxas

190 2723 306 2779 rursus,
326 2707 395 2779 uti,
428 2724 496 2764 cum
522 2705 611 2764 fuerit
637 2705 766 2779 libitum,
797 2705 891 2781 possit
914 2710 1055 2765 excutere
1078 2712 1111 2765 et

191 2795 305 2854 solutus
328 2814 363 2854 ac
385 2795 460 2853 liber
482 2795 586 2870 quovis
600 2795 750 2869 aufugere.
788 2795 896 2853 Verum
914 2794 1014 2869 legati,
1029 2802 1110 2871 post-

191 2902 279 2959 quam
306 2884 347 2942 ibi
374 2903 468 2942 unum
497 2889 585 2960 atque
613 2884 738 2942 alterum
761 2883 841 2942 diem
864 2883 974 2942 versati
996 2889 1109 2943 tantam

190 2973 254 3031 auri
269 2973 330 3031 vim
345 2973 376 3030 in
395 2978 475 3031 tanta
488 2973 602 3031 vilitate
625 2978 843 3048 conspexerunt
864 2990 919 3030 nec
940 2972 973 3030 in
995 2973 1108 3032 minore

146 3074 173 3116 ³0
192 3062 368 3120 contumelia
398 3079 486 3139 quam
514 3062 592 3137 apud
616 3080 648 3120 se
669 3063 780 3121 honore
802 3061 932 3120 habitam
954 3061 1107 3135 vidissent,

190 3151 228 3208 ad
250 3151 322 3209 haec
344 3151 375 3209 in
397 3151 486 3209 unius
508 3151 627 3226 fugitivi
650 3151 729 3209 servi
752 3155 870 3209 catenas
890 3151 1107 3227 compedesque

192 3240 260 3316 plus
274 3241 337 3298 auri
351 3247 439 3316 atque
453 3240 569 3314 argenti
583 3245 763 3315 congestum,
782 3258 870 3316 quam
884 3244 964 3298 totus
977 3239 1107 3316 ipsorum

191 3329 280 3386 trium
290 3335 448 3406 apparatus
458 3329 637 3403 constiterat,
648 3329 867 3387 subsidentibus
875 3328 982 3404 pennis
991 3346 1106 3388 omnem

111 3439 114 3445 ·
190 3417 275 3476 illum
303 3418 424 3492 cultum,
457 3436 516 3495 quo
547 3436 612 3476 sese
639 3424 700 3476 tam
727 3418 903 3492 adroganter
930 3418 1105 3489 extulerant,

145 3519 173 3561 aa
191 3507 340 3584 pudefacti
363 3513 565 3584 seposuerunt,
589 3507 716 3565 maxime
739 3525 809 3565 vero
828 3512 985 3583 postquam
1003 3505 1105 3566 famili-
