2512 4020
148 295 191 353 76
509 309 747 368 1101118110111.

193 490 292 548 sensui
324 508 412 566 quam
443 491 555 549 tumida
583 491 633 550 illa
665 492 770 551 edendi
802 491 977 570 bibendique
1010 493 1108 567 libido,

192 579 282 637 nihilo
311 584 410 637 tamen
438 580 535 638 secius
566 581 652 639 multi
682 600 747 639 eam
775 585 906 640 statuimt
929 582 1109 659 voluptatem

191 669 366 741 maximam,
395 686 496 727 omnes
523 670 583 728 fere
606 670 783 747 Vtopienses
810 688 947 746 magnam
975 678 1006 730 et
1028 673 1109 731 181111

192 758 413 816 tundamentum
437 758 566 816 omnium
588 777 623 817 ac
646 759 738 818 basini
760 761 896 834 fatentur,
919 765 953 819 ut
968 779 1043 837 quae
1062 762 1107 819 181

159 859 174 899 a
194 847 255 905 sola
277 847 421 923 placidam
445 853 476 906 et
498 848 654 922 optabilem
677 849 753 908 vitae
783 849 981 908 condicionem
1004 849 1108 908 reddat

192 941 222 994 et
250 954 308 1012 qua
336 935 449 994 sublata
472 936 582 994 nullius
606 955 731 1014 usquam
754 937 887 1014 reliquus
910 937 949 997 sit
971 939 1107 1015 cuiquam

116 1093 121 1105 ι
192 1025 334 1100 voluptati
350 1025 441 1083 locus.
474 1025 549 1083 Nam
568 1026 667 1084 dolore
684 1044 806 1102 prorsus
819 1045 929 1098 vacare,
953 1027 1011 1086 nisi
1033 1028 1108 1086 adsit

193 1114 310 1186 sanitas,
335 1120 484 1190 stuporem
507 1119 595 1188 certe,
619 1133 675 1173 non
698 1116 879 1192 voluptatem
894 1121 1007 1175 vocant.
1045 1117 1107 1175 Iam

192 1203 303 1261 (1111111111
326 1203 481 1279 explosum
505 1209 551 1262 est
573 1205 651 1280 apud
674 1222 724 1262 eos
747 1205 897 1263 decretum
911 1205 1037 1279 illorum,
1057 1205 1108 1282 qui

148 1305 174 1345 ro
193 1292 325 1351 stabilem
348 1298 378 1350 81
400 1293 588 1369 tranquillam
612 1294 765 1352 sanitatem
795 1298 873 1370 (nam
896 1295 969 1353 haec
992 1311 1107 1371 quoque

192 1382 323 1457 quaestio
346 1382 460 1440 naviter
482 1382 561 1457 apud
580 1399 630 1440 eos
646 1383 754 1457 agitata
771 1386 828 1456 est)
850 1383 915 1441 ideo
929 1401 987 1442 non
1001 1384 1107 1442 haben-

192 1471 260 1529 dam
287 1489 339 1546 pro
362 1471 512 1546 voluptate
540 1472 709 1544 censebant,
738 1472 816 1548 quod
842 1477 1029 1548 praesentem
1051 1491 1107 1531 non

191 1578 278 1635 posse
311 1545 443 1618 dicerent
473 1559 529 1618 nisi
560 1565 641 1619 motu
671 1560 807 1637 quopiam
839 1561 965 1619 extrario
997 1562 1107 1620 sentiri.

192 1649 303 1708 Verum
327 1654 426 1707 contra
449 1667 528 1707 nunc
549 1649 580 1706 in
599 1650 654 1707 boc
667 1668 759 1725 prope
781 1650 911 1709 universi
925 1651 1106 1726 conspirant:

148 1751 174 1791 11
193 1739 346 1797 sanitatem
369 1739 416 1796 181
439 1738 469 1796 in
493 1738 596 1814 primis
619 1738 760 1814 voluptati
782 1757 856 1798 8888.
897 1739 1017 1798 Etenim
1040 1758 1106 1798 oum

192 1828 221 1886 in
251 1829 364 1902 morbo,
392 1827 541 1903 inquiunt,
570 1828 652 1885 dolor
675 1828 726 1902 sit,
756 1829 808 1904 qui
835 1828 977 1904 voluptati
1006 1829 1107 1905 impla-

191 1916 292 1975 cabilis
314 1916 407 1975 hostis
430 1923 483 1990 881,
507 1935 564 1974 11011
587 1917 671 1975 aliter
691 1935 725 1975 ac
742 1917 856 1975 sanitati
873 1919 1000 1991 morbus,
1025 1917 1107 1994 quid-

191 2007 222 2064 ni
236 2006 366 2064 vicissim
384 2005 454 2064 insit
473 2005 604 2064 sanitatis
622 2006 825 2082 tranquillitati
839 2007 995 2082 voluptas?
1027 2006 1108 2065 Nihil

191 2096 269 2154 enim
296 2096 333 2154 ad
356 2097 433 2153 hanc
456 2113 518 2153 rem
541 2096 650 2153 reterre
672 2101 784 2170 putant,
809 2113 861 2154 seu
883 2097 1003 2154 morbus
1026 2096 1108 2155 dolor

144 2197 173 2239 ao
193 2204 258 2244 esse
282 2203 334 2243 8811
357 2185 456 2242 morbo
480 2184 562 2242 dolor
583 2185 679 2242 inesse
700 2176 820 2258 dicatur,
844 2185 1016 2244 tantundem
1030 2185 1108 2244 enim

133 2295 136 2301 ’
192 2281 315 2351 utroque
339 2274 425 2331 modo
448 2273 532 2331 effici.
578 2272 694 2349 Quippe
720 2273 745 2332 si
769 2273 877 2332 sanitas
899 2278 949 2331 aut
972 2274 1107 2351 voluptas

191 2365 256 2440 ipsa
280 2364 317 2421 sit
340 2368 391 2421 aut
413 2362 576 2421 necessario
597 2362 776 2438 voluptatem
800 2363 902 2438 pariat,
925 2362 1007 2422 181111
1030 2364 1108 2422 calor

191 2454 259 2529 igue
282 2452 420 2528 gignitur,
444 2451 581 2509 nimirum
604 2452 759 2528 utrobique
783 2452 916 2524 eflicitur,
945 2457 978 2510 ut
1000 2453 1107 2528 quibus

191 2544 310 2601 immota
334 2541 442 2599 sanitas
465 2541 555 2615 adest,
579 2541 626 2600 his
642 2541 776 2616 voluptas
797 2541 901 2599 abesse
924 2559 981 2598 non
1005 2542 1107 2617 possit.

144 2645 173 2688 25
191 2635 346 2692 Praeterea
369 2631 439 2688 dum
462 2630 621 2703 1880111111,
648 2630 796 2706 inquiunt,
825 2630 895 2706 quid
918 2630 996 2690 aliud
1019 2649 1109 2706 quam

192 2723 308 2794 sanitas,
340 2738 415 2796 quae
443 2719 610 2777 labefactari
638 2725 785 2795 coeperat,
817 2719 958 2777 adversus
981 2720 1108 2778 esuriem

191 2813 255 2871 cibo
285 2809 481 2869 commilitone
508 2809 678 2884 depugnat?
714 2808 750 2865 111
782 2827 839 2885 qua
867 2809 937 2865 dum
967 2809 1108 2887 paulatim

190 2900 345 2960 invalescit
381 2899 431 2957 ille
468 2898 533 2974 ipse
568 2898 716 2974 profectus
748 2897 785 2955 ad
818 2897 934 2955 solitum
967 2897 1107 2972 vigorem,

192 2990 326 3066 suggerit
347 2989 435 3062 illam,
460 3006 518 3064 qua
541 2986 566 3044 si
580 2986 754 3059 creficimur,
768 2986 956 3061 voluptatem.
993 2986 1108 3046 Sanitas

145 3094 173 3135 ao
191 3099 261 3155 ergo
285 3097 360 3156 quae
387 3078 418 3135 in
445 3077 582 3135 conflictu
604 3076 737 3148 laetatur,
765 3074 866 3133 eadem
889 3092 947 3132 non
970 3076 1109 3150 gaudebit

191 3171 296 3246 adepta
319 3167 484 3239 victoriam,
518 3165 569 3224 sed
592 3165 749 3241 pristinum
772 3164 872 3235 robur,
903 3165 981 3239 quod
1011 3165 1107 3224 solum

191 3265 250 3318 toto
287 3257 423 3316 conflictu
460 3255 618 3332 petiverat,
657 3253 775 3312 tandem
810 3251 935 3311 feliciter
968 3253 1108 3314 adsecuta

168 3348 324 3426 ‚protinus
355 3348 542 3422 obstupescet
571 3362 625 3402 nec
656 3343 731 3400 bona
759 3359 811 3398 sua
839 3351 996 3415 cognoscet
1019 3348 1107 3420 atque

191 3436 425 3514 amplexabitur?
461 3434 537 3492 Nam
568 3433 646 3510 quod
675 3449 732 3490 non
763 3429 863 3488 sentiri
891 3430 1000 3489 sanitas
1029 3432 1108 3491 diota

146 3540 173 3582 aa
192 3534 249 3600 est,
278 3528 308 3586 id
337 3544 404 3585 1810
435 3541 576 3601 perquam
605 3520 706 3597 procul
732 3537 750 3578 a
777 3536 845 3578 1811)
875 3524 986 3593 putant.
1034 3520 1108 3594 Quis

561 3750 680 3767 alm-mnia
