2512 4020
569 319 758 360 nmnurrura.
1089 302 1144 360 LV

180 490 293 543 missum
311 490 399 559 accepi
415 491 562 558 gratissimo
577 493 647 544 certe
662 492 756 554 animo,
772 507 832 544 curn
847 494 873 544 et
887 491 987 545 litterae
997 494 1144 562 praefectae

179 562 235 615 sint
253 564 314 615 ate
332 562 384 614 mei
402 562 581 615 amantissimo
596 565 622 614 et
639 561 705 616 liber
723 563 756 616 ab
776 579 805 616 eo
825 564 931 631 editum,
951 564 996 632 qui
1014 580 1065 617 non
1084 581 1143 617 eru-

179 633 280 687 ditione
302 633 399 702 solum,
423 634 470 686 sed
489 636 516 686 et
533 633 645 686 amicitia
663 633 809 686 arctissima
827 636 897 702 apud
915 651 962 688 nos
981 635 1084 688 habitus
1104 638 1144 688 est

179 704 250 758 inter
268 704 379 772 primos:
405 701 559 772 opusculum
578 706 694 757 nondum
713 704 764 773 legi
790 705 898 758 obrutus
917 705 1006 759 multis
1025 706 1142 775 negotiiS,

179 775 256 829 brevi
265 777 355 828 tamen
365 775 535 844 perlecturus,
550 781 580 828 ut
594 793 654 828 eum
669 792 721 829 non
734 777 1019 844 praesentiaMorifrui
1032 777 1142 844 valeam,

181 845 277 900 saltem
295 847 323 898 in
340 847 437 915 Vtopia
455 846 559 900 Morum
578 864 666 900 meum
684 847 793 900 videam.

253 921 298 972 14.
325 920 392 986 App.
410 917 468 970 112.
505 917 595 971 hierus
621 935 655 970 au
678 918 811 972 Erasmus
840 921 880 972 13.
898 919 957 972 Jan.
981 921 1058 974 1517.
1096 920 1144 988 Egi

180 1005 229 1058 per
243 988 381 1057 epistulam
391 988 507 1042 Buslidio
521 993 611 1042 nostro
624 989 727 1058 gratiae,
743 990 877 1042 Paludano
892 993 948 1043 tute
962 1007 1024 1058 ages
1038 991 1144 1044 nomine

180 1075 242 1113 meo
260 1076 314 1113 non
332 1059 445 1113 minores
464 1076 543 1129 quam
558 1060 679 1129 Aegidio:
699 1077 760 1114 nam
778 1077 845 1130 quae
863 1061 899 1113 illi
917 1062 1080 1131 seripserunt
1097 1061 1144 1115 tibi

179 1131 271 1184 deberi
289 1131 437 1184 voluerunt.

253 1203 298 1256 15.
319 1201 460 1270 Stapleton,
475 1202 537 1255 Tres
551 1202 672 1256 Thomae.
696 1203 759 1256 Vita
772 1203 818 1256 Th.
829 1203 898 1256 Mori
915 1221 971 1272 cap.
988 1206 1002 1256 7
1023 1206 1058 1272 (p.
1071 1204 1143 1272 205).

180 1273 273 1327 Morus
292 1289 326 1326 an
336 1273 380 1326 W.
391 1273 528 1342 Warham,
547 1274 702 1327 Erzbischof
720 1291 772 1327 von
791 1274 954 1342 Cauterbury
974 1275 1043 1340 (Jau.
1056 1277 1144 1343 1517).

180 1345 292 1413 Semper
317 1344 423 1413 quidem
445 1344 548 1398 felicem
572 1345 736 1414 paternitatis
762 1351 822 1398 tuae
846 1349 943 1398 sortem
968 1346 1090 1414 iudicavi,
1118 1349 1144 1399 et

179 1417 245 1468 dum
264 1415 433 1469 cancellariae
451 1432 562 1469 munere
576 1415 708 1484 praeclare
721 1418 846 1484 fungeriS,
867 1420 893 1469 et
907 1435 978 1470 nuno
991 1417 1143 1483 feliciorem,

181 1489 321 1556 postquam
345 1489 436 1540 eodem
461 1488 602 1540 demotus
627 1487 654 1539 in
680 1488 761 1541 otium
786 1488 991 1557 optatissimum,
1020 1505 1071 1556 quo
1098 1487 1144 1541 tibi

181 1557 266 1627 possis
285 1575 316 1612 ac
329 1559 385 1612 Deo
403 1558 505 1625 vivere,
530 1558 666 1612 secessisti.
705 1559 791 1613 Otium
811 1560 917 1626 inquam
936 1576 988 1612 non
1007 1560 1145 1612 iucundius

179 1632 295 1699 tantum,
306 1645 385 1698 quam
395 1632 470 1682 erant
482 1629 526 1682 illa
535 1629 644 1697 negotia,
659 1631 705 1682 sed
716 1630 836 1683 omnibus
847 1631 925 1683 etiam
935 1630 1076 1684 honoribus
1087 1647 1145 1684 mea

181 1701 290 1769 quidem
309 1701 439 1753 sententia
456 1701 538 1769 magis
556 1701 736 1754 honorificum.
773 1701 843 1754 Nam
861 1718 953 1769 gerere
978 1702 1145 1770 magistratus

179 1772 207 1825 id
232 1771 338 1840 quidem
363 1771 484 1840 plurimis
509 1773 634 1840 contingit
659 1775 686 1825 et
708 1773 839 1825 interdum
858 1773 986 1840 pessimis
1024 1776 1060 1825 At
1084 1790 1145 1826 cum

179 1842 297 1897 habebas
312 1843 457 1897 maximum
472 1846 498 1896 et
512 1843 556 1912 qui
570 1845 698 1912 quantum
717 1843 876 1897 auctoritatis
891 1844 969 1897 habet
982 1860 1012 1897 ac
1026 1843 1145 1897 licentiae

180 1915 246 1967 dum
264 1914 371 1983 geritur,
390 1915 494 1967 tantum
511 1914 642 1983 depositus
663 1914 799 1967 calumniis
813 1915 940 1968 obnoxius
955 1918 1003 1975 est,
1023 1932 1084 1968 eum
1098 1931 1146 1969 sua

182 1987 277 2054 sponte
286 1985 424 2054 deponere,
435 1987 503 2054 quod
517 1988 563 2040 tua
573 1986 716 2054 paternitas
726 2002 820 2054 magno
829 1985 917 2039 labore
927 1986 973 2038 vix
987 1987 1144 2055 impetravit,

181 2059 213 2110 ut
237 2055 329 2110 liceret
353 2058 452 2126 facere,
479 2057 529 2109 nisi
552 2057 673 2110 modesto
692 2073 745 2110 non
767 2057 842 2126 libet,
868 2057 919 2110 nisi
944 2057 1068 2111 innocens
1092 2074 1145 2111 nou

180 2128 268 2182 audet.
306 2127 481 2193 Quamobrem
500 2128 577 2180 huius
596 2128 675 2180 animi
698 2129 737 2180 tui
759 2129 846 2181 nescio
869 2128 1076 2197 modestiorisne,
1101 2131 1146 2198 qui

180 2214 281 2252 munus
308 2201 364 2251 tam
388 2199 506 2268 amplum
531 2215 561 2252 ao
589 2199 759 2268 magnificum
783 2199 889 2252 voluisti
919 2199 1079 2268 relinquere,
1112 2216 1145 2253 an

181 2269 350 2339 sublimioris,
375 2270 420 2338 qui
438 2269 543 2338 potuisti
563 2274 737 2338 contemnere,
762 2287 796 2323 an
815 2270 1006 2338 innocentioris
1031 2271 1145 2338 quinon

180 2340 300 2395 metuisti
318 2342 454 2410 deponere,
474 2343 545 2394 certe
561 2342 650 2410 optimi
663 2358 694 2394 ac
708 2341 910 2410 prudentissimi,
930 2341 1025 2395 multos
1040 2342 1145 2410 quidem

180 2413 230 2466 sed
244 2412 272 2465 in
291 2411 382 2481 primis
396 2429 440 2465 me
454 2413 656 2480 suffragatorem
676 2416 702 2465 ot
720 2413 904 2466 admiratorem
923 2413 1015 2466 habes:
1035 2413 1078 2481 qui
1096 2413 1146 2466 dici

181 2499 236 2538 non
256 2485 342 2552 potest
359 2483 420 2536 huic
436 2486 489 2537 tarn
504 2500 579 2537 rarae
594 2483 710 2537 felicitati
724 2487 784 2537 tuae
798 2501 875 2552 quam
896 2484 1013 2552 impense
1031 2483 1146 2552 gratulor

181 2554 299 2623 mihique
317 2556 363 2608 tuo
384 2555 489 2608 nomine
507 2556 650 2623 gaudeam,
669 2572 730 2608 curn
748 2558 822 2608 tuam
841 2557 1024 2626 paternitatem
1043 2556 1146 2608 videam

130 2679 133 2685 ,
182 2625 276 2696 procul
300 2625 333 2678 ab
356 2625 533 2680 saecularibus
555 2626 677 2695 negotiis,
706 2626 796 2695 procul
819 2643 835 2679 a
859 2626 1004 2679 forensium
1031 2627 1146 2678 tumultu

181 2713 275 2752 rerum
289 2698 455 2750 secedentem
475 2705 502 2750 et
519 2697 585 2765 gesti
599 2697 767 2766 magistratus
782 2701 808 2750 et
818 2698 893 2766 positi
909 2697 1053 2751 honorifica
1066 2699 1145 2765 fama,

181 2767 318 2822 rarissima
335 2767 418 2837 gloria
435 2769 489 2821 frui
511 2785 542 2822 ac
561 2768 688 2837 reliquam
707 2769 776 2821 vitae
794 2772 899 2837 tompus
918 2775 978 2822 ante
996 2772 1069 2822 actae
1084 2785 1145 2822 cou-

181 2839 295 2893 scientia
313 2838 410 2892 laetum
434 2840 577 2894 clementer
598 2856 628 2893 ac
652 2839 750 2908 placide
774 2839 801 2891 in
823 2839 918 2892 litteris
937 2856 967 2893 ac
985 2839 1147 2908 philosophia

181 2911 329 2964 traducere.
367 2910 447 2964 (imus
466 2915 526 2964 tuae
544 2910 700 2964 condicionis
716 2910 881 2964 dulcedinem
900 2911 995 2964 indies
1014 2911 1097 2978 magis
1116 2927 1146 2964 ac

182 2982 269 3051 magis
287 2981 425 3035 inlustrem
443 2981 509 3034 mihi
527 2998 586 3035 mea
604 2982 688 3035 reddit
705 2982 822 3050 miseria,
842 2982 886 3050 qui
905 2998 1064 3050 quamquam
1082 2981 1147 3034 nihil

182 3054 296 3107 habeam
315 3053 411 3121 negotii
429 3054 497 3121 quod
517 3054 621 3122 quidem
640 3056 787 3106 memoratu
810 3052 844 3106 sit
866 3053 986 3122 dignum,
1010 3055 1098 3106 tamen
1116 3056 1147 3105 ut

182 3123 331 3178 imbecillae
349 3123 419 3178 vires
438 3124 516 3178 facile
539 3128 696 3193 premuntur
718 3124 805 3193 paruis
828 3125 919 3192 rebus,
946 3124 982 3176 ita
1007 3124 1147 3192 distringor

182 3195 302 3264 assidue,
326 3197 357 3248 ut
378 3212 412 3249 ne
434 3195 566 3249 tantulum
589 3195 714 3264 temporis
732 3195 842 3249 habeam
860 3195 983 3259 liberum,
1003 3212 1055 3264 quo
1074 3199 1146 3248 tuam

183 3267 369 3336 paternitatem
387 3266 431 3319 vel
449 3266 560 3320 invisam
579 3265 715 3335 aliquando
734 3266 776 3320 vel
795 3266 1008 3335 praetermissum
1028 3265 1146 3320 officium

184 3355 232 3407 per
250 3337 389 3407 epistulam
407 3354 538 3405 excusem,
558 3339 622 3391 adeo
640 3341 670 3390 ut
689 3337 736 3390 uix
753 3336 857 3391 licuerit
870 3338 917 3390 has
932 3354 1025 3406 parare
1038 3337 1145 3406 litteraS,

184 3409 280 3479 quibus
298 3409 370 3462 baud
388 3409 451 3462 satis
470 3409 584 3478 lepidum
601 3409 670 3462 hunc
690 3408 805 3462 libellum
819 3411 880 3462 tuae
895 3408 1063 3462 dominationi
1076 3425 1147 3462 oom-

185 3481 346 3535 mendarem.
389 3480 473 3546 Quem
497 3498 557 3533 oum
582 3479 780 3548 Antverpiensia
812 3480 917 3548 quidam
945 3480 1044 3533 amicus
1072 3495 1147 3533 meus

184 3550 304 3623 elapsum
322 3547 408 3622 potius
431 3568 510 3621 quam
534 3551 694 3606 elaboratum
713 3551 795 3604 amori
813 3550 950 3620 indulgens
969 3567 1017 3604 suo
1036 3551 1152 3604 editione
