2512 4020
490 338 593 394 uonvs,
617 337 728 378 vrum.
1049 319 1089 378 85

175 522 265 593 atque
292 517 437 574 infirmam
467 515 557 575 fidem
584 517 656 574 fore.
702 515 840 574 Ceterum
870 515 976 574 accidit
1002 515 1091 573 inter-

177 606 256 678 dum,
280 611 322 679 ut,
346 624 414 664 cum
436 623 495 663 non
518 605 590 664 satis
608 605 687 663 inter
700 623 732 663 se
746 605 903 680 coniugum
918 604 1092 663 conveniant

176 713 286 767 meres,
316 694 441 770 repertis
464 693 582 770 utrique
604 693 684 766 aliis,
714 692 891 770 quibuscum
914 698 1035 769 sperent
1058 711 1090 752 se

176 784 296 842 suavius
320 801 385 842 esse
404 782 542 856 victuum,
565 784 717 842 amborum
741 787 845 858 sponte
869 782 995 858 separati
1017 800 1092 840 nova

142 885 158 925 a
177 873 361 931 matrimonia
375 873 556 945 contrahant,
570 872 648 930 haud
662 872 773 948 absque
787 877 907 930 senatus
919 871 1091 931 auctoritate

176 967 283 1035 tamen,
307 961 358 1038 qui
380 961 439 1018 nisi
461 979 550 1019 causa
572 979 627 1036 per
649 978 682 1019 se
703 966 791 1037 atque
811 978 921 1019 uxores
942 978 1010 1020 suas
1025 960 1091 1018 dili·

177 1056 281 1125 genter
310 1050 428 1125 cognita
456 1049 581 1108 divortia
609 1068 668 1107 non
694 1050 836 1125 admittit;
867 1050 956 1108 immo
983 1067 1020 1108 ne
1048 1049 1091 1108 sic

177 1139 295 1215 quidem
304 1139 400 1212 facile,
410 1139 489 1216 quod
499 1157 562 1197 rem
576 1137 697 1196 minime
711 1138 814 1197 utilem
825 1138 922 1197 sciunt
931 1138 1091 1197 firmandae

178 1230 336 1303 coniugum
366 1228 479 1287 caritati
506 1227 623 1287 facilem
650 1245 793 1286 nevarum
815 1227 984 1304 nuptiamm
1007 1245 1090 1303 spem

129 1329 159 1370 10
176 1335 242 1376 esse
265 1317 452 1393 propositam.
484 1316 686 1376 Temeratcres
702 1315 830 1391 coniugii
845 1316 1017 1391 gravissima
1031 1334 1091 1374 ser·

177 1407 269 1464 uiuite
292 1407 463 1482 plectuntur
484 1411 522 1478 et,
548 1406 575 1464 si
597 1411 701 1464 neuter
724 1410 786 1463 erat
809 1405 932 1478 caelebs,
954 1405 1091 1463 iniuriam

178 1495 265 1570 passi,
289 1495 382 1553 velint
403 1495 498 1568 modo,
521 1495 684 1571 repudiatis
706 1493 849 1553 adulteris
865 1493 1000 1570 coniugio
1015 1495 1092 1552 inter

177 1602 209 1643 se
235 1584 294 1660 ipsi
319 1584 493 1659 iunguntur,
526 1584 632 1660 alioqui
662 1584 770 1660 quibus
797 1583 951 1642 videbitur.
996 1585 1037 1642 At
1065 1584 1090 1642 si

176 1673 323 1731 laesorum
345 1673 488 1732 alteruter
510 1691 581 1748 erga
596 1679 657 1731 tam
671 1673 747 1730 male
762 1677 922 1731 merentem
936 1672 1090 1747 coniugem

129 1775 159 1814 ra
177 1762 207 1819 in
230 1780 329 1820 amore
351 1762 499 1838 persistat,
522 1767 620 1820 tamen
639 1761 684 1820 uti
697 1761 825 1836 coniugii
837 1762 906 1836 lege
921 1780 979 1819 non
993 1761 1092 1837 prohi-

177 1852 271 1924 betur,
299 1851 325 1909 si
347 1851 420 1910 velit
442 1852 472 1909 in
496 1869 585 1927 opera
607 1851 778 1909 damnatum
805 1851 897 1927 sequi,
927 1850 1091 1929 acciditque

175 1939 337 2013 interdum,
369 1945 403 1998 ut
435 1941 557 1999 alterius
587 1939 777 2015 paenitentia⁷
809 1940 931 1998 alterius
963 1930 1091 1999 officiosa

177 2028 318 2087 sedulitas
340 2029 556 2087 miserationem
579 2046 766 2087 commovens
787 2028 912 2105 principi
926 2029 1091 2087 libertatem

176 2136 280 2176 rursus
301 2118 447 2194 impetret.
485 2117 623 2177 Ceterum
645 2118 683 2176 ad
707 2118 804 2176 scelus
826 2118 885 2175 iam
901 2118 1015 2193 relapso
1031 2135 1090 2176 nex

128 2217 159 2258 20
177 2207 326 2281 infligitur.

244 2295 357 2354 Ceteris
379 2295 555 2355 facinoribus
573 2295 685 2354 nullam
704 2300 814 2354 certam
828 2313 952 2371 poenam
966 2295 1017 2353 lex
1030 2295 1091 2354 ulla

177 2384 352 2459 praestituit⁷
380 2385 443 2457 sed,
470 2391 504 2443 ut
526 2385 663 2461 quodque
685 2390 769 2443 atrox
791 2390 843 2443 aut
870 2390 971 2443 contre
993 2384 1091 2442 visum

176 2478 229 2545 est,
259 2473 301 2531 ita
324 2473 503 2550 supplicium
526 2479 647 2532 senatus
669 2473 808 2532 decrevit.
853 2473 971 2532 onres
994 2472 1091 2531 mariti

177 2562 323 2637 castigant
351 2568 381 2621 et
409 2568 547 2638 parentes
575 2563 695 2634 liberos,
725 2561 783 2620 nisi
810 2562 881 2638 quid
903 2568 963 2621 tam
986 2562 1091 2637 iugens

127 2661 158 2702 25
176 2651 355 2718 admiserint,
378 2657 412 2710 ut
435 2652 466 2709 id
488 2651 605 2727 publice
628 2650 726 2727 puniri
748 2669 863 2710 morum
885 2651 1015 2723 intersit;
1039 2650 1091 2709 sed

177 2740 239 2798 tere
262 2740 435 2814 gravissima
458 2758 591 2817 quaeque
614 2740 727 2798 scelera
743 2740 894 2799 servitutis
907 2739 1090 2799 incommodo

176 2829 346 2904 puniuntur,
369 2829 400 2886 id
424 2829 449 2887 si
471 2829 591 2906 quidem
610 2834 641 2888 et
656 2829 808 2887 sceleratis
822 2847 880 2887 uun
893 2828 992 2886 minus
1005 2829 1090 2887 triste

178 2924 207 2976 et
230 2919 272 2976 rei
294 2918 429 2993 publicae
452 2918 547 2993 magis
575 2917 760 2976 commodum
787 2918 972 2990 arbitrantur,
1002 2936 1090 2994 quam

178 3007 203 3064 si
226 3013 353 3066 mactare
376 3007 479 3066 noxios
503 3013 534 3065 et
556 3007 689 3082 protinus
703 3006 815 3065 amelin
829 3006 977 3066 festinent.
1015 3005 1090 3065 Nam

127 3107 157 3148 ac
178 3102 207 3154 et
229 3095 328 3155 labere
351 3115 439 3172 quam
454 3113 525 3154 nece
541 3096 637 3170 magis
649 3101 773 3171 prosunt
786 3101 817 3154 et
831 3095 967 3171 exemplo
981 3095 1090 3155 diutius

176 3185 249 3243 alios
277 3204 294 3242 a
321 3184 409 3243 simili
438 3184 549 3260 flagitio
579 3185 736 3243 deterrent.
790 3184 900 3258 Quodsi
928 3184 970 3242 sic
999 3184 1092 3243 habiti

176 3274 321 3332 rebellent
349 3279 437 3351 atque
466 3273 664 3345 recalcitrent,
693 3279 756 3332 tum
783 3273 910 3346 demum,
938 3274 1021 3332 uelut
1047 3273 1091 3330 in·

176 3364 303 3422 domitae
331 3364 443 3436 beluae,
471 3380 545 3440 quas
573 3380 706 3422 coercere
733 3380 833 3421 carcer
855 3368 885 3421 et
908 3368 1011 3421 catena
1032 3380 1090 3420 non

176 3459 279 3528 petest,
302 3453 494 3512 trucidantur.
529 3453 566 3511 At
579 3452 756 3528 patientibus
772 3470 830 3510 non
845 3451 984 3510 adimitur
996 3451 1090 3510 omnis

127 3554 158 3593 35
176 3542 292 3600 omnino
325 3560 409 3618 spes:
447 3541 557 3619 quippe
587 3541 685 3616 longis
716 3540 820 3600 domiti
850 3540 936 3600 malis
969 3540 994 3600 si
1026 3558 1090 3599 eam
