2512 4020
149 306 190 364 60
508 325 610 380 uoavs,
635 326 746 366 vrorm.

192 520 331 577 suprema
353 502 384 559 in
406 507 489 577 parte
512 501 643 560 cenaculi
666 508 835 561 transversa
857 503 913 578 est)
937 507 1019 562 totus
1042 521 1106 562 con-

191 596 299 649 ventus
322 591 509 666 conspicitur,
534 592 752 667 syphograntus
769 610 837 650 cum
855 610 948 651 uxore
967 592 1105 652 considet.

191 680 246 738 His
269 680 470 754 adiunguntur
492 680 550 738 duo
574 699 613 738 ox
635 686 706 738 natu
729 680 881 756 maximis3
905 681 1011 740 sedent
1032 681 1106 739 enim

191 787 245 844 per
268 786 369 827 omnes
391 786 509 827 mensas
533 770 675 845 quaterni.
721 771 761 828 At
791 769 817 828 si
843 769 991 845 templum
1018 770 1050 828 in
1075 788 1107 829 ea

159 871 173 910 a
193 858 403 934 syphograntia
417 858 507 916 situm
521 863 574 931 est,
594 858 730 916 sacerdos
750 859 872 934 eiusque
891 877 968 916 uxor
985 859 1029 918 ita
1043 877 1105 918 cum

192 948 391 1022 syphogranto
411 947 522 1019 sedent,
543 953 574 1005 ut
592 947 786 1022 praesideant.
818 948 864 1005 Ab
883 952 1009 1024 utraque
1027 953 1106 1024 parte

191 1036 381 1094 conlocantur
407 1036 550 1109 iunioreS,
581 1042 649 1111 post
671 1054 757 1094 senes
785 1053 902 1109 rursus,
934 1042 1024 1112 atque
1054 1038 1106 1095 hoc

192 1130 275 1200 pacto
303 1142 357 1200 per
384 1130 474 1183 totam
502 1124 622 1182 domum
652 1131 682 1184 et
709 1125 848 1202 aequales
878 1125 958 1184 inter
986 1143 1019 1185 se
1046 1126 1106 1185 iun-

191 1219 300 1288 guntur
334 1219 363 1271 et
397 1212 592 1272 dissimilibus
628 1219 727 1272 tamen
766 1214 988 1273 immiscentur:
1032 1214 1106 1291 quod

147 1313 173 1354 10
191 1302 257 1360 ideo
280 1303 379 1373 lerunt
401 1302 582 1376 institutiun,
612 1307 649 1361 ut'
674 1321 779 1362 senum
805 1303 934 1378 gravitas
963 1321 998 1362 ac
1025 1321 1106 1362 reve-

190 1391 292 1462 rentia,
316 1409 384 1449 cum
407 1391 481 1449 nihil
503 1392 544 1450 ita
566 1392 597 1449 in
619 1410 722 1450 mensa
745 1392 811 1450 fieri
833 1391 928 1450 dicire
947 1396 1053 1468 potest,
1076 1398 1107 1451 ut

190 1498 241 1538 eos
263 1481 299 1538 ab
323 1480 402 1537 omni
425 1485 509 1556 parte
531 1481 644 1539 ricinos
673 1481 801 1555 effugiat,
830 1479 962 1540 iuniores
990 1483 1027 1540 ab
1055 1481 1107 1539 im·

191 1570 279 1644 proba
294 1570 449 1649 verborum
461 1575 657 1646 gesbiumque
670 1570 789 1628 licentia
803 1569 946 1629 cohibeat.
970 1570 1107 1629 Ciborum

190 1658 301 1716 fercula
325 1676 383 1715 non
406 1677 423 1716 a
446 1659 541 1734 primo
563 1659 628 1716 loco
656 1659 795 1734 deinceps
823 1664 1026 1736 apponuntur;
1056 1659 1107 1718 sed

148 1759 173 1798 11'2
194 1747 357 1805 senioribus
388 1748 517 1823 primum
549 1748 697 1821 omnibus,
730 1766 855 1823 quorum
886 1747 1021 1824 insignes
1053 1748 1107 1807 loci

191 1842 273 1909 stmt,
305 1837 433 1911 optimus
464 1837 589 1912 quisque
619 1836 702 1894 cibus
731 1837 868 1912 intertur3
901 1836 1009 1896 deinde
1041 1836 1107 1896 reli-

191 1925 258 2000 quis
280 1925 443 2000 aequaliter
465 1925 657 1983 ministratur.
703 1927 742 1984 At
768 1943 854 1983 senes
877 1924 1008 1984 lautitias
1032 1943 1106 1999 suae,

191 2032 314 2089 quarum
338 2032 395 2072 non
422 2020 503 2072 tanta
531 2020 593 2073 erat
621 2015 716 2090 copia,
746 2019 781 2072 ut
808 2019 909 2090 posset
935 2018 1030 2074 totam
1057 2033 1108 2091 per

191 2103 311 2160 domum
338 2102 459 2160 adfatim
488 2103 631 2176 distribui,
661 2122 715 2179 pro
739 2121 792 2161 suo
815 2103 957 2162 arbitratu
985 2103 1108 2163 circum·

146 2203 173 2244 ao
193 2191 364 2250 sedentibus
386 2192 608 2268 impartiuntur:
640 2193 683 2250 sic
705 2198 735 2250 et
758 2192 917 2250 maioribus
939 2198 1013 2251 natu
1037 2209 1107 2252 suus

192 2286 326 2338 servatur
340 2281 433 2339 honor
447 2286 477 2339 et
490 2281 636 2339 commodi
650 2281 824 2340 tantundem
838 2286 939 2339 tamen
952 2281 990 2339 ad
1006 2298 1107 2340 omnes

191 2370 333 2444 pervenit.

259 2455 351 2516 Omne
385 2459 542 2534 prandium
579 2477 742 2534 cenamque
776 2459 812 2516 ab
844 2458 944 2534 aliqua
980 2459 1108 2518 lectione

190 2548 388 2622 auspicantur,
412 2567 487 2623 quae
510 2547 548 2605 ad
571 2566 668 2606 mores
691 2548 791 2618 faciat,
820 2547 873 2605 sed
895 2548 977 2606 brevi
1000 2554 1106 2620 tamen,

145 2647 172 2688 25
192 2654 230 2694 ne
252 2636 371 2694 fastidio
395 2636 440 2694 sit.
486 2638 532 2695 Ab
555 2637 609 2695 hac
633 2637 763 2695 seniores
787 2637 925 2694 honestos
949 2655 1106 2710 sermones,

191 2724 243 2782 sed
275 2743 371 2801 neque
403 2726 503 2784 tristes
535 2744 589 2784 nec
618 2726 759 2784 infacetos
789 2725 935 2799 ingerunt.
986 2727 1027 2784 At
1055 2744 1106 2785 nec

190 2814 287 2888 longis
309 2815 386 2888 logis
408 2819 502 2872 totum
525 2821 668 2890 occupant
691 2814 861 2890 prandium;
890 2814 963 2890 quin
985 2815 1107 2873 audiunt

189 2902 315 2961 libenter
344 2903 467 2961 iuvenes
494 2921 627 2979 quoque:
660 2903 731 2962 adeo
761 2903 798 2961 de
827 2902 974 2962 industria
1003 2922 1106 2980 provo·

191 2998 271 3063 cant,
304 3010 361 3066 quo
394 2998 424 3050 et
452 2992 560 3050 indolis
590 2993 733 3068 cuiusque
761 2998 790 3050 et
817 2992 929 3066 ingenii
959 3010 1013 3068 per
1041 3011 1106 3052 con·

144 3091 172 3132 ao
190 3080 262 3137 vivii
304 3081 471 3138 libertatem
520 3081 670 3157 prodentis
717 3099 782 3139 sese
827 3081 946 3156 capiant
991 3081 1105 3158 experi-

189 3175 331 3227 mentum.
377 3169 504 3228 Prandia
531 3170 697 3228 breviscula
727 3174 808 3242 sunt,
839 3188 929 3228 cenae
956 3170 1104 3247 largiores,

191 3258 269 3332 quod
283 3258 365 3316 labor
382 3258 442 3330 illa,
461 3259 514 3316 has
534 3276 655 3317 somnus
678 3265 707 3317 et
725 3265 868 3317 nocturna
886 3259 971 3335 quies
990 3259 1104 3336 excipit,

191 3365 279 3421 quam
300 3346 345 3405 illi
361 3348 404 3424 ,ad
428 3348 575 3406 salubrem
601 3347 816 3406 concoctionem
839 3348 933 3422 magis
957 3349 1104 3408 efficacem

190 3440 303 3510 putant.
340 3435 430 3494 Nulla
449 3454 522 3495 cena
541 3437 604 3495 sine
629 3437 740 3494 nursica
759 3437 940 3511 transigitur,
963 3456 1020 3497 nec
1038 3437 1104 3496 ullis

96 3572 99 3579 .
145 3536 171 3577 aa
190 3531 270 3584 caret
297 3526 427 3584 secunda
454 3544 557 3584 mensa
581 3526 720 3597 bellariis3
752 3525 856 3584 odores
888 3526 1051 3586 incendunt
1076 3529 1104 3585 et
