2512 4020
441 316 545 372 roavs,
568 317 679 359 vrorra
1004 302 1043 361 19

128 494 286 554 maiembus
323 494 385 554 suis
420 494 550 554 solebant
583 511 622 552 ex
653 495 780 571 praediis
811 513 955 566 crescere,
992 513 1045 554 nec

129 584 270 643 habentes
293 584 372 657 satis,
395 584 474 661 quod
496 583 586 642 otiose
608 601 643 642 ac
664 583 744 643 laute
766 584 897 643 viventes
920 585 992 643 nihil
1014 585 1045 642 in

129 672 280 749 publicum
302 673 423 749 prosint,
454 672 512 732 nisi
534 671 622 731 etiam
644 672 749 746 obsint,
771 691 841 732 arvo
863 673 936 732 nihil
958 673 1045 733 relin-

130 767 237 838 quunt,
267 761 364 821 omnia
390 762 531 821 claudunt
557 760 687 838 pascuis,
714 761 913 821 demoliuntur
934 763 1045 836 domos,

92 850 251 910 sdiruunt
282 851 388 927 oppida
419 851 529 927 templo
561 850 714 910 dumtaxat
741 851 921 911 stabulandis
943 851 1046 910 ovibus

129 939 245 1013 relicto,
272 958 314 1013 e,
342 945 481 1016 tanquam
508 958 612 1016 parum
638 940 692 998 soli
715 940 871 1016 perderent
892 941 971 1017 apud
993 959 1046 1000 vos

129 1029 258 1088 ferarum
285 1029 377 1088 saltus
404 1047 439 1087 ac
460 1029 582 1100 vivaria,
612 1027 656 1086 illi
683 1029 749 1088 boni
771 1029 828 1087 viri
854 1029 1046 1088 habitationes

130 1135 232 1176 omnes
263 1122 293 1178 et
324 1118 467 1194 quidquid
502 1135 627 1194 usquam
663 1123 709 1177 est
744 1117 830 1191 culti,
867 1123 985 1178 vertunt
1016 1120 1046 1177 in

131 1206 326 1266 solitudinem.
358 1207 436 1282 Fbgo
458 1212 493 1266 ut
513 1224 589 1265 unus
607 1206 714 1279 helluo,
737 1206 922 1283 inexplebilis
936 1226 970 1266 ac
983 1207 1047 1266 dira

69 1256 111 1349 i10
130 1296 224 1372 pestis
246 1296 364 1372 patriae,
388 1296 563 1354 continuatis
585 1296 663 1370 agris
686 1296 796 1372 aliquot
816 1295 897 1355 milia
911 1296 1046 1371 iugerum

130 1402 190 1443 unc
212 1385 373 1444 circumdet
401 1390 513 1461 saepto,
542 1384 687 1443 eiciuntur
708 1385 803 1443 coloni
825 1385 945 1461 quidam
968 1386 1045 1462 suis;

130 1473 219 1533 etiam
241 1480 293 1534 aut
306 1473 517 1550 circumscripti
530 1473 632 1532 fraude
646 1478 697 1532 aut
709 1473 739 1531 vi
753 1473 885 1550 oppressi
899 1480 1047 1533 exuuntur

130 1568 182 1622 aut
204 1563 318 1639 fatigati
339 1563 451 1621 iniuriis
474 1562 634 1638 adiguntur
655 1562 692 1621 ad
708 1563 912 1622 venditionem.
944 1563 1046 1640 Itaque

131 1670 249 1728 quoquo
271 1658 356 1728 pacto
379 1653 524 1728 emigrant
550 1650 657 1725 miseri,
680 1651 744 1724 viri,
767 1651 914 1725 mulieres,
941 1652 1046 1725 mariti,

81 1754 112 1794 11
131 1759 251 1814 uxores,
279 1740 353 1814 orbi,
377 1741 494 1814 viduae,
522 1745 658 1816 parentes
684 1759 753 1799 cum
775 1741 874 1818 parvis
895 1740 995 1800 liberis
1017 1748 1047 1801 et

131 1848 287 1889 numerosa
309 1831 402 1905 magis
425 1849 514 1907 quam
536 1828 626 1888 divite
648 1829 765 1902 familia,
793 1835 826 1889 ut
848 1829 950 1888 multis
972 1848 1047 1906 opus

131 1920 219 1978 habet
241 1919 376 1978 manibus
398 1937 446 1978 res
468 1919 590 1994 rustica3
614 1918 765 1994 emigrant,
788 1918 915 1995 inquam,
938 1920 1047 1978 enotis

130 2013 220 2084 atque
241 2007 372 2067 adsuetis
395 2008 504 2068 laribus
526 2025 581 2066 uec
602 2007 763 2080 inveniunt,
779 2026 837 2084 quo
852 2024 883 2066 se
897 2007 1046 2085 recipiant.

132 2096 350 2173 Supellectilem
372 2115 488 2156 omnem
510 2096 589 2155 haud
612 2115 719 2172 magno
741 2096 929 2170 vendibilem,
959 2097 1048 2156 etiam

79 2199 113 2241 20
132 2186 158 2246 si
181 2204 299 2245 manere
322 2187 416 2262 possit
437 2191 607 2263 emptorem,
630 2204 698 2245 cum
721 2185 839 2245 extrudi
859 2203 980 2244 necesse
993 2192 1047 2259 est,

131 2274 254 2334 minimo
263 2293 370 2333 venum
380 2275 462 2351 dant;
476 2275 507 2332 id
521 2293 589 2333 cum
598 2275 679 2335 brevi
694 2275 816 2333 errando
829 2274 1047 2351 insumpserint,

132 2363 204 2441 qnid
218 2369 311 2423 restat
325 2364 405 2423 aliud
419 2363 544 2441 denique
554 2382 641 2440 quam
655 2363 698 2422 uti
707 2364 841 2423 iurentur
853 2369 884 2423 et
892 2362 1046 2440 pendeant,

131 2453 209 2512 iuste
223 2453 342 2527 scilicet,
358 2460 408 2512 aut
422 2458 565 2529 vagentur
581 2458 668 2531 atque
682 2453 855 2526 mendicent,
870 2471 1047 2530 quamquam

131 2552 198 2602 tum
226 2560 342 2620 quoque
370 2543 452 2602 velut
480 2559 598 2601 errones
627 2542 807 2600 coniciantur
834 2542 865 2600 in
893 2560 1047 2616 carcerem,

80 2644 114 2687 25
134 2642 195 2697 [cita]
213 2631 292 2708 quod
310 2631 395 2690 otiosi
414 2632 462 2691 ob·
480 2624 483 2714 i
500 2632 658 2704 ambulent,
681 2648 807 2707 quorum
825 2648 942 2708 operam
962 2649 1047 2690 nemo

133 2726 179 2780 111
202 2721 253 2797 qui
274 2721 425 2794 conducat,
444 2739 512 2779 cum
529 2720 574 2778 illi
591 2719 781 2797 cupidissime
802 2720 943 2779 offerant?
970 2719 1047 2778 Nam

132 2810 260 2868 rusticae
283 2809 333 2883 rei,
363 2809 411 2868 cui
433 2810 637 2883 adsuevenmt,
665 2808 739 2867 nihil
767 2809 914 2886 estquod
936 2814 1047 2884 agatur,

133 2898 184 2958 ubi
206 2897 280 2956 nihil
298 2897 412 2971 seritur,
436 2898 461 2957 si
475 2898 595 2975 quidem
608 2915 686 2956 unus
700 2895 787 2974 opilio
802 2903 890 2974 atque
903 2897 1048 2958 bubulcus

134 2987 244 3047 sufficit
253 2987 280 3046 ei
289 2992 383 3046 terrae
397 2988 595 3063 depascendae
609 2987 771 3063 pecoribus,
784 2986 816 3045 in
829 2987 913 3046 cuius
927 2987 1048 3060 cultum,

81 3089 114 3132 ao
134 3082 168 3136 ut
195 3076 320 3136 sementi
343 3076 497 3135 'faciendae
527 3077 687 3149 sufficeret,
717 3076 825 3135 multae
855 3077 1048 3152 poscebantur

132 3184 246 3226 manus.
291 3166 389 3242 Atque
420 3166 477 3224 hac
507 3166 618 3225 ratione
647 3166 694 3238 fit,
726 3170 760 3223 ut
788 3164 888 3223 multis
918 3164 949 3222 in
978 3165 1048 3224 locis

132 3272 248 3314 annona
271 3254 362 3312 multo
385 3254 423 3313 sit
445 3255 544 3314 carior.
584 3254 661 3327 Quin
684 3255 816 3313 lanarum
838 3271 954 3331 quoque
976 3253 1048 3312 adeo

131 3343 257 3403 increvit
283 3343 422 3420 pretium,
451 3349 524 3402 uta
546 3343 739 3416 tenuioribus,
769 3343 820 3420 qui
847 3360 959 3419 pannos
981 3342 1048 3401 inde

133 3433 229 3494 solent
251 3432 330 3509 apud
353 3451 405 3492 vos
427 3432 583 3505 conficere,
610 3449 731 3508 prorsus
763 3431 822 3490 emi
849 3449 907 3490 non
935 3431 1048 3508 possint

83 3532 114 3577 aa
132 3527 222 3600 atque
244 3521 289 3582 ea'
301 3522 411 3581 ratione
434 3521 535 3598 piures
557 3522 593 3579 ab
617 3538 703 3598 opere
718 3521 888 3596 ablegantur
905 3520 936 3578 in
950 3519 1048 3579 otium.

859 3622 892 3674 <p
