2512 4020
524 341 635 395 uorws,
659 341 771 382 vrorm.
1066 321 1131 382 ‘103

216 538 284 580 esse
298 519 409 579 animas
423 519 587 595 opinantur,
603 524 634 578 at
648 519 755 578 nostris
769 525 867 578 tamen
881 536 976 595 neque
990 518 1132 593 dignitate

218 610 426 686 comparandas
465 627 561 686 neque
597 609 635 667 ad
671 627 794 684 aequam
832 612 914 666 natas
954 607 1131 666 felicitatem.

217 699 375 758 Hominum
399 697 477 758 enim
500 697 598 757 cuncti
620 698 681 756 fere
703 703 765 756 tam
785 697 958 755 immensam
981 697 1043 755 iore
1065 697 1132 755 bea-

217 788 373 846 titudinem
386 806 439 865 pro
454 793 533 846 certo
546 793 635 864 atque
653 788 804 862 explorato
818 785 935 857 habent,
950 791 983 844 ut
998 785 1130 844 morbum

181 891 198 930 a
217 878 412 948 lamententur
434 876 572 949 omnium,
595 881 718 934 mortem
738 893 808 934 vero
830 874 949 945 nulline,
972 873 1029 932 nisi
1044 892 1130 951 quem

217 966 317 1025 vident
343 966 429 1024 anxie
453 984 470 1024 e
492 966 551 1024 vita
578 965 760 1041 invitumque
787 963 895 1022 divelli.
939 963 1053 1039 Nempe
1077 963 1131 1022 hoc

217 1072 269 1130 pro
298 1055 427 1131 pessimo
454 1055 563 1113 habent
584 1054 714 1129 augurio,
741 1053 1000 1130 tanquamanima
1022 1070 1130 1128 exspes

217 1162 251 1202 ac
273 1143 351 1202 male
373 1143 489 1202 conscia
511 1144 624 1202 occulto
653 1143 790 1220 quopiam
814 1141 993 1200 imminentis
1020 1159 1130 1218 poenae

216 1233 380 1308 praesagio,
394 1232 563 1291 reformidet
591 1232 712 1291 exitum.
757 1232 805 1290 Ad
826 1232 882 1290 hoc
904 1231 1129 1307 haudquaquam

172 1335 198 1374 lu
217 1327 333 1396 gratum
347 1322 409 1380 Deo
433 1321 497 1380 eius
520 1326 624 1398 putant
645 1321 805 1380 adventum
828 1322 899 1397 fore,
923 1320 982 1396 qui,
1006 1338 1074 1378 cum
1093 1319 1130 1378 sit

216 1411 383 1484 accersitus,
400 1429 458 1469 non
471 1411 598 1470 accurrit
611 1410 713 1483 libens,
728 1411 780 1469 sed
795 1409 904 1468 invitus
918 1427 952 1467 ac
966 1409 1129 1468 detrectans

216 1500 403 1576 pertrahitur.
448 1500 512 1558 Hoc
540 1499 632 1575 igitur
659 1499 760 1558 mortis
787 1517 881 1574 genus
904 1499 956 1576 qui
978 1499 1129 1558 intuentur

215 1589 334 1648 horrent
360 1589 458 1665 itaque
477 1589 640 1648 defunctos
670 1588 773 1647 maesti
801 1606 835 1646 ac
863 1588 982 1647 silentes
1005 1589 1129 1647 effenmt

215 1678 383 1754 precatique
405 1677 563 1754 propitium
586 1678 720 1736 manibus
743 1678 852 1750 Deum,
883 1677 925 1735 uti
947 1695 1048 1735 eorum
1071 1678 1128 1736 cle·

170 1773 329 1826 amenter
351 1767 566 1826 intinnitatibus
589 1768 729 1842 ignoscat,
751 1772 829 1825 terra
851 1766 977 1825 cadaver
994 1767 1127 1825 obnrunt.

215 1855 322 1915 Contra
345 1856 522 1933 quicumque
544 1856 678 1914 alacriter
699 1852 734 1914 ac
748 1856 836 1932 pleni
859 1857 932 1914 bona
955 1873 1008 1931 spe
1029 1856 1128 1915 deces-

165 1955 232 2010 unja]
257 1945 355 2018 serint,
379 1946 433 2004 hos
453 1943 456 2024 l
478 1963 563 2004 nemo
586 1945 676 2020 luget,
700 1945 752 2003 sed
765 1950 853 2003 cantu
867 1945 1017 2021 prosecuti
1030 1945 1127 2018 funus,

212 2034 325 2093 animas
357 2034 419 2093 Deo
451 2052 556 2109 magno
588 2033 824 2093 commendantes
858 2033 975 2092 adiectu
1008 2051 1128 2109 corpora

212 2124 331 2182 tandem
358 2128 525 2183 reverenter
553 2123 646 2198 magis
669 2141 758 2200 quam
785 2123 917 2181 dolenter
943 2130 1127 2182 concremant

164 2222 193 2263 20
213 2213 438 2289 columnamque
466 2214 528 2271 loco
551 2212 707 2288 insculptis
730 2212 861 2270 defuncti
883 2211 977 2270 titulis
1000 2211 1125 2286 erigunt.

213 2300 339 2358 Domum
369 2301 482 2360 revomi
511 2319 608 2360 mores
639 2307 761 2377 actaque
788 2301 852 2359 eius
879 2306 1044 2373 recensent,
1072 2319 1126 2360 neo

213 2388 274 2446 ulla
295 2390 372 2448 vitae
394 2408 462 2466 pars
485 2395 536 2450 aut
559 2389 675 2467 saepius
698 2396 749 2449 aut
772 2389 910 2448 libentius
929 2408 1017 2466 quam
1032 2390 1125 2449 laetus

212 2483 354 2536 tractatur
375 2479 519 2538 interitus.

279 2567 364 2626 Hane
392 2569 544 2644 probitatis
572 2568 744 2627 memoriam
771 2575 802 2627 et
824 2568 899 2626 vivis
922 2568 1124 2628 efficacissima

164 2666 194 2706 Ξῖ)
213 2661 314 2714 rentur
334 2656 523 2716 incitamenta
538 2658 680 2716 mutiam
704 2662 734 2716 et
756 2657 957 2733 gratissimum
980 2657 1124 2716 defunctis

212 2743 324 2803 cultum
337 2751 449 2821 putant,
473 2764 546 2823 quos
560 2747 701 2806 interesse
715 2764 830 2823 quoque
845 2747 881 2805 de
896 2765 927 2805 se
942 2748 1124 2806 sermonibus

212 2833 366 2908 opinantur
393 2853 583 2911 quamquam,
610 2841 645 2894 ut
667 2841 712 2894 est
734 2836 826 2895 hebes
849 2836 1013 2895 mortalium
1037 2837 1123 2908 acies

211 2920 384 2982 invisibiles.
407 2923 483 2982 Nam
493 2942 589 3000 neque
598 2925 726 2983 felicium
743 2926 813 2984 sorti
828 2926 981 2985 conveniat
990 2927 1124 2987 libertate
1192 2974 1197 2980 ,

212 3029 309 3070 carere
322 3012 466 3088 migrandi
483 3031 541 3090 quo
550 3013 649 3087 velint,
664 3020 694 3073 et
706 3015 887 3089 ingratorum
902 3017 990 3075 fuerit
1003 3035 1123 3093 prorsus

162 3112 193 3152 30
211 3100 352 3160 abiecisse
374 3101 553 3160 desiderium
567 3103 674 3161 amicos
688 3103 833 3163 invisendi
847 3123 924 3177 suos,
943 3106 1050 3182 quibus
1064 3124 1122 3179 eoo,

211 3189 282 3246 dum
309 3189 456 3262 viverent,
488 3197 609 3250 mutuus
640 3210 722 3251 amor
752 3193 915 3271 caritasque
945 3195 1122 3269 devinxerat,

210 3296 286 3354 «quae
309 3279 428 3355 quidem
451 3280 534 3340 bonis
548 3280 620 3339 viris
641 3288 675 3340 ut
697 3287 793 3341 cetera
815 3284 890 3341 bona
912 3285 1034 3343 adaucta
1057 3291 1123 3360 post

208 3367 268 3425 fata
285 3368 388 3443 ,potius
411 3388 499 3445 quam
521 3369 675 3428 imminuta
698 3371 868 3434 coniectent.
903 3373 1033 3432 Mortuos
1052 3392 1122 3448 ergo

208 3457 318 3515 versari
341 3456 419 3515 iuter
441 3458 575 3518 viventes
601 3460 725 3518 credunt
752 3461 907 3520 dictonuu.
921 3463 1121 3540 factorumque

162 3554 191 3596 3⁶
210 3551 388 3621 spectatores
415 3564 509 3624 eoque
532 3565 579 3606 res
601 3549 729 3623 agendas
752 3550 889 3609 fidentius
912 3552 1122 3626 aggrediuntur
