2512 4020
426 332 529 388 uoavs,
554 332 665 373 aroris.
986 316 1028 376 69

111 509 306 585 imposturam
329 527 366 568 ne
390 509 536 568 somniant
558 509 685 586 quidem.
720 510 843 584 Imbres
867 517 1029 570 ventosae

111 603 227 657 ceteras
250 604 459 675 tempestatum
484 599 702 658 vicissitudines
727 600 820 675 signis
850 599 1029 677 quibusdam
1095 666 1097 670 ,

111 687 199 764 longo
229 687 392 764 prospectis
422 706 479 746 usu
509 688 721 764 praesentiunt.
771 689 831 748 Sed
862 689 900 748 de
932 690 1029 748 causis

111 794 214 835 earum
246 795 345 835 rerum
375 777 506 835 omnium
538 783 568 836 et
600 778 637 835 de
669 778 753 836 fluxu
785 778 874 836 maris
906 779 1029 855 eiusque

73 879 90 920 5
112 865 244 924 salsitate
268 865 352 925 etin
375 883 490 923 summa
512 865 549 924 de
572 866 646 924 caeli
675 867 837 943 mundique
861 868 972 943 origine
995 886 1030 926 ac

111 960 216 1013 natura
246 955 353 1030 partim
380 955 483 1013 eadem
506 973 581 1031 quae
603 961 723 1014 veteres
746 956 914 1032 philosophi
938 956 1028 1016 nostri

111 1043 275 1117 disserunt,
303 1045 422 1120 partim,
451 1049 484 1102 ut
509 1044 553 1102 illi
581 1044 659 1102 inter
686 1063 718 1103 se
747 1045 902 1118 dissident,
930 1045 971 1104 ita
998 1045 1029 1103 hi

111 1151 237 1209 quoque,
261 1133 331 1191 dum
355 1151 445 1191 novas
466 1151 565 1191 rerum
579 1133 705 1192 rationes
719 1134 863 1207 adferunt,
882 1135 918 1192 ab
937 1136 1029 1193 omni-

60 1230 62 1234 ‘
111 1222 167 1280 bus
185 1222 245 1281 illis
265 1221 443 1281 dissentiunt
461 1240 517 1280 nec
535 1223 613 1281 inter
631 1240 663 1281 se
682 1229 779 1282 tamen
799 1241 893 1300 usque
913 1241 1029 1300 quaque

59 1324 90 1366 10
112 1311 298 1370 conveniunt.

178 1400 215 1458 In
238 1419 272 1458 ea
294 1400 497 1476 philosophiae
519 1405 610 1476 parte,
634 1419 691 1477 qua
715 1401 751 1459 de
774 1401 904 1459 moribus
923 1401 1028 1476 agitur,

111 1489 215 1548 eadem
238 1489 298 1548 illis
321 1489 509 1565 disputantur
532 1508 607 1566 quae
636 1489 733 1548 nobis:
762 1490 799 1548 de
828 1490 911 1548 bonis
939 1489 1029 1548 animi

111 1583 257 1656 quaerunt
287 1583 317 1637 et
345 1579 476 1654 corporis
506 1584 536 1637 et
565 1579 709 1650 externis
740 1584 804 1636 tum
833 1584 932 1637 utrum
961 1579 1028 1637 boni

71 1679 73 1682 ’
111 1685 219 1726 nomen
242 1668 377 1726 omnibus
400 1666 447 1725 his
470 1686 507 1725 an
531 1667 601 1726 solis
620 1668 709 1725 animi
727 1667 844 1726 dotibus
862 1668 1028 1743 conveniat3

54 1759 90 1812 '15
113 1757 151 1816 de
173 1756 281 1816 virtute
304 1757 453 1815 disserunt
472 1774 507 1815 ac
526 1757 690 1832 voluptate3
715 1757 768 1815 sed
786 1758 917 1815 omnium
935 1757 1029 1832 prima
1128 1752 1136 1766 ⁸

111 1850 157 1905 esf
171 1864 206 1904 ac
228 1845 364 1922 princeps
387 1845 592 1918 controversia,
616 1864 743 1922 quanam
756 1845 786 1903 in
800 1864 840 1920 re,
863 1864 922 1904 una
936 1846 1028 1921 pluri-

111 1935 212 2008 busve,
236 1934 322 1993 sitam
345 1934 472 1993 hominis
501 1934 668 1993 felicitatem
696 1940 807 2010 putent.
849 1936 888 1993 At
916 1935 971 1993 hac
997 1936 1028 1992 in

110 2041 144 2083 re
162 2023 368 2100 propensiores
386 2041 480 2100 aequo
498 2022 637 2082 videntur
654 2024 686 2082 in
699 2023 857 2082 factionem
870 2024 1029 2100 voluptatis

111 2112 314 2186 adsertricem‚
345 2119 378 2172 ut
408 2131 466 2188 qua
488 2113 538 2171 vel
565 2118 656 2171 totam
680 2113 726 2170 vel
754 2112 938 2188 potissimam
964 2113 1029 2171 feli-

56 2215 92 2258 20
112 2201 210 2261 citatis
241 2201 386 2260 humanae
422 2207 537 2278 partem
569 2201 718 2260 definiant.
770 2201 808 2259 m
842 2220 900 2278 quo
934 2202 1029 2276 magis

110 2290 240 2349 mireris:
264 2290 438 2366 areligione
458 2308 583 2366 quoque,
607 2308 681 2366 quae
700 2291 798 2365 grauis
817 2296 847 2349 et
866 2308 966 2348 severa
984 2296 1030 2349 est

110 2381 231 2456 fereque
249 2379 343 2438 tn'stis
366 2385 396 2438 et
413 2379 515 2454 rigida,
539 2384 643 2455 petunt
665 2385 762 2438 tamen
785 2379 946 2438 sententiae
969 2384 1029 2438 tam

111 2468 254 2527 delicatae
290 2469 491 2544 patrocinium.
550 2468 655 2544 Neque
696 2468 775 2527 enim
816 2468 852 2526 de
890 2468 1029 2527 felicitate

111 2557 276 2633 disceptant
298 2576 441 2633 unquam,
472 2557 542 2633 quin
568 2557 711 2633 principia
734 2557 875 2633 quaedam
899 2576 938 2616 ex
961 2559 1029 2616 reli-

59 2646 199 2722 sagione
230 2647 403 2722 deprompta
434 2664 502 2704 cum
532 2646 729 2723 philosophia,
762 2664 836 2722 quae
867 2646 1028 2704 rationibus

110 2735 217 2808 utitur,
250 2735 440 2810 coniungant,
471 2734 535 2793 sine
564 2735 671 2811 quibus
698 2735 737 2793 ad
765 2753 850 2794 verae
879 2735 1028 2794 felicitatis

111 2825 368 2899 investigationem
407 2842 540 2882 mancam
576 2831 664 2900 atque
696 2824 873 2882 imbecillam
909 2843 964 2900 per
997 2842 1028 2883 se

110 2913 252 2972 rationem
275 2919 387 2989 putant.

179 3002 222 3061 Ea
244 3002 389 3079 principia
412 3008 481 3061 sunt
509 3002 692 3061 huiusmodi:
723 3002 850 3060 animam
879 3020 945 3061 esse
973 3002 1028 3060 im·

63 3104 94 3147 ao
112 3091 266 3151 mortalem
293 3110 328 3150 ac
355 3091 411 3150 Dei
438 3091 630 3150 beneficentia
657 3092 694 3150 ad
722 3091 893 3149 felicitatem
922 3096 1027 3164 natam,

111 3181 271 3240 virtutihus
303 3199 337 3238 ac
369 3179 528 3239 benefactis
559 3181 666 3239 nostris
696 3180 826 3256 praemia
855 3185 922 3256 post
953 3180 1028 3238 hanc

111 3271 215 3342 utam,
252 3269 373 3344 flagitiis
409 3269 553 3328 destinata
590 3269 743 3346 supplicia.
793 3269 875 3327 Haec
911 3271 1027 3328 tametsi

112 3358 263 3434 religionis
286 3358 353 3433 sint,
377 3358 488 3417 ratione
511 3364 609 3417 amen
632 3364 753 3417 censent
776 3358 814 3416 ad
832 3377 866 3416 ea
885 3359 1028 3417 credenda

113 3456 143 3508 et
166 3447 351 3507 concedenda
373 3448 509 3524 perduci3
533 3447 639 3523 quibus
663 3465 679 3505 e
703 3447 798 3505 medio
822 3448 945 3506 sublatis
965 3448 1027 3505 sine

69 3549 94 3592 aa
112 3536 173 3596 ulla
196 3537 381 3596 cunctatione
405 3536 594 3612 pronuntiant
617 3534 763 3594 neminem
779 3554 844 3595 esse
858 3542 918 3594 tam
935 3537 1027 3612 stupi-
