2512 4020
169 288 210 347 84
526 305 630 359 1101110,
653 305 764 346 1110111.

210 484 320 560 probus
349 483 456 559 aliquis
483 482 529 540 vir
556 482 688 541 vicissim
717 483 829 540 nudum
859 484 975 559 puellae
1003 501 1129 559 procum

212 572 296 631 sistit.
349 572 437 630 Hrmc
467 590 579 631 morem
611 590 679 630 cum
711 572 792 630 velut
827 572 962 648 ineptum
994 571 1132 631 ridentes

210 661 450 736 improbaremus
473 661 518 718 illi
541 666 642 719 contra
665 667 830 720 ceterarum
846 661 976 720 omnium
991 661 1127 736 gentium

210 750 356 824 insignem
391 749 529 808 demirari
564 749 732 823 stultitiam,
765 750 817 826 qui
851 769 919 808 cum
954 750 986 808 in
1023 749 1131 809 eculeo

179 839 415 914 tcomparando,
437 839 489 897 ubi
511 839 549 897 de
572 839 674 914 paucis
696 839 795 914 agitur
809 839 948 912 nummis,
970 845 1031 898 tam
1046 839 1128 897 cauti

212 929 277 1001 sint,
301 935 335 986 ut
353 927 488 1004 quamvis
506 928 569 986 iere
582 927 695 985 nudum
719 928 776 986 nisi
790 928 920 986 detracta
934 929 1008 986 sella
1025 933 1128 986 tamen

210 1017 403 1093 omnibusque
437 1016 563 1075 revulsis
597 1016 745 1093 ephippiis
778 1022 917 1076 recusent
946 1035 1058 1090 emere,
1086 1035 1131 1075 110

211 1107 265 1164 sub
296 1106 357 1164 illis
394 1106 542 1182 operculis
578 1106 664 1164 ulcus
701 1105 819 1182 aliquod
856 1106 1057 1179 delitesceret,
1095 1106 1127 1163 in

210 1195 365 1270 deligenda
388 1195 520 1269 coniuge,
543 1213 602 1271 qua
625 1213 664 1253 ex
686 1213 718 1253 re
733 1202 784 1253 aut
799 1195 934 1270 voluptas
952 1199 1002 1253 aut
1016 1212 1132 1253 nausea

166 1298 192 1337 10
210 1284 249 1343 011
271 1290 361 1342 totam
376 1284 533 1360 pervitam
554 1283 732 1356 comitatum,
747 1290 807 1342 tam
822 1284 1015 1358 neglegenter
1027 1290 1131 1358 agant,

209 1379 243 1431 ut
265 1373 378 1449 reliquo
402 1391 522 1448 corpore
545 1372 678 1431 vestibus
701 1373 837 1431 obvoluto
859 1379 950 1431 totam
969 1373 1127 1431 mulierem

209 1462 261 1519 vix
283 1463 319 1520 ab
333 1462 421 1520 unius
435 1463 550 1538 palmae
565 1462 659 1537 spatio
683 1461 768 1537 (nihil
784 1461 862 1520 enim
877 1467 996 1537 praeter
1009 1461 1130 1520 vultum

208 1551 324 1626 visitur)
338 1551 494 1609 aestiment
508 1551 727 1626 adiunguntque
742 1551 797 1608 sibi
811 1569 869 1609 non
882 1552 995 1626 absque
1008 1569 1130 1625 magno,

210 1640 236 1698 si
265 1640 335 1716 quid
362 1640 491 1698 offendat
522 1647 635 1716 postea,
669 1640 747 1699 male
781 1639 955 1699 cohaerendi
983 1639 1130 1715 periculo.

166 1741 190 1782 ra
208 1728 285 1787 Nam
308 1746 405 1805 neque
428 1747 528 1788 omnes
541 1735 602 1787 tam
619 1728 767 1804 sapientes
783 1735 860 1802 sunt,
883 1734 917 1787 ut
932 1728 1010 1786 solos
1026 1746 1130 1788 mores

209 1818 375 1894 respiciant,
399 1824 429 1877 et
450 1818 481 1875 in
503 1817 634 1894 ipsorum
658 1836 774 1894 quoque
798 1817 965 1894 sapientum
981 1817 1130 1892 coniugiis

208 1907 246 1966 ad
268 1907 357 1966 animi
380 1906 505 1966 virtutes
523 1907 657 1966 nonnihil
679 1906 871 1965 additamenti
889 1906 1020 1982 corporis
1036 1906 1126 1965 etiam

208 1996 293 2055 dotes
315 1996 460 2071 adiciunt;
485 2001 565 2055 certe
588 2002 648 2055 tam
670 1996 756 2054 foeda
778 1996 948 2054 deformitas
962 1995 1053 2054 latere
1068 1997 1129 2054 sub

208 2085 267 2144 illis
290 2091 388 2161 potest
409 2085 578 2158 involucris,
601 2090 635 2143 ut
656 2085 784 2143 alienare
801 2102 922 2160 prorsus
937 2084 1068 2143 animum
1087 2085 1129 2142 ab

164 2187 190 2228 ao
208 2193 299 2233 uxore
332 2179 427 2250 queat,
458 2192 526 2233 cum
556 2192 677 2250 corpore
706 2174 764 2231 iam
792 2174 908 2248 seiungi
935 2190 993 2232 non
1020 2173 1128 2248 liceat3

208 2263 304 2339 qualis
319 2263 490 2323 deformitas
514 2263 539 2321 si
558 2281 616 2340 quo
630 2281 700 2322 casu
714 2263 865 2338 contingat
878 2268 946 2338 post
959 2267 1129 2321 contractas

208 2352 334 2428 nuptias,
358 2370 441 2410 suam
464 2352 589 2429 quisque
612 2357 720 2410 sortem
743 2369 866 2411 necesse
882 2356 928 2410 est
949 2352 1031 2425 ierat,
1054 2356 1128 2410 ante

208 2459 286 2514 vero,
309 2460 347 2500 ne
370 2441 437 2517 quis
460 2441 593 2517 capiatur
614 2441 737 2514 insidiis,
761 2441 877 2516 legibus
904 2440 1002 2499 caveri
1029 2440 1129 2514 debet,

208 2530 298 2605 idque
328 2536 408 2589 tanto
437 2531 548 2589 maiore
576 2530 673 2588 studio
700 2530 744 2588 1111
780 2530 956 2602 curandum,
986 2529 1064 2605 quod
1094 2536 1129 2589 01

164 2630 191 2672 25
211 2620 265 2677 soli
296 2620 412 2678 illarum
445 2619 524 2677 orbis
553 2619 707 2695 plagarum
737 2619 867 2701 singulis?
896 2623 965 2677 sunt
994 2619 1122 2677 content'

208 2708 382 2783 coniugibus
413 2714 443 2767 01
474 2708 691 2766 matrimonium
723 2707 765 2767 ibi
796 2707 874 2766 haud
911 2725 1000 2783 saepe
1036 2707 1129 2766 aliter

208 2816 296 2873 quam
321 2803 415 2856 morte
439 2797 569 2871 solvitur,
592 2797 649 2855 nisi
672 2796 850 2855 adulterium
873 2796 904 2854 in
925 2814 1014 2855 causa
1034 2796 1128 2854 fuerit.

207 2892 259 2944 aut
287 2904 401 2945 morum
431 2904 489 2944 non
515 2886 637 2945 ferenda
663 2885 806 2944 molestia.
851 2885 968 2961 Nempe
989 2885 1124 2944 alterutri

209 2975 252 3033 sic
281 2976 392 3034 offenso
421 2976 497 3034 facta
523 2976 559 3033 ab
588 2980 691 3034 senatu
714 2973 848 3049 coniugis
871 2973 1004 3033 mutandi
1027 2974 1127 3048 venia,

163 3075 191 3118 00
209 3065 284 3122 01101
305 3064 444 3122 infamem
463 3064 551 3123 simul
563 3082 599 3123 ac
613 3064 761 3122 caelebem
774 3069 916 3140 perpetuo
925 3063 1015 3122 vitam
1031 3063 1125 3122 ducit.

206 3153 325 3228 Alioqui
348 3153 468 3212 invitam
484 3153 647 3228 coniugem,
671 3153 756 3211 cuius
778 3153 861 3211 nulla
874 3152 1010 3225 sitnoxa,
1032 3170 1127 3228 repu-

207 3242 296 3314 diare,
320 3242 398 3317 quod
421 3242 551 3317 corporis
574 3242 712 3316 obtigerit
730 3241 889 3314 calamitae,
911 3240 942 3299 id
957 3241 1127 3300 veronulla

207 3338 292 3407 pacto
315 3332 425 3407 ferunt3
449 3349 517 3388 nam
541 3336 571 3389 et
594 3331 712 3389 crudele
733 3330 940 3389 iudicanttum
954 3348 1129 3406 quenquam

207 3420 312 3494 deseri,
340 3438 409 3478 cum
436 3419 564 3478 maxime
587 3424 656 3494 eget
679 3419 793 3492 solacio,
816 3423 846 3477 et
869 3419 1023 3491 senectuti,
1054 3437 1128 3478 cum

162 3522 189 3563 aa
208 3520 264 3574 [ita]
290 3503 341 3592 101
363 3509 479 3568 morbos
502 3508 614 3567 adierat
637 3514 667 3567 01
688 3509 809 3567 morbus
830 3508 896 3584 ipsa
910 3508 957 3582 sit,
979 3507 1128 3568 incertam
