2512 4020
150 295 211 353 102
508 312 611 367 nonus,
635 311 747 352 vrorm.

191 482 330 566 optimam
360 508 394 548 ao
424 484 638 548 sanctissimam
667 489 838 564 religionem
868 490 904 548 ob
931 489 1111 549 vanissimas

190 579 267 637 inter
298 597 330 637 se
362 578 584 654 superstitiones
616 582 650 637 ut
681 576 797 653 segetes
830 578 908 637 inter
940 579 1039 655 spinas
1071 598 1109 638 ao

190 668 310 726 frutices
333 668 469 726 obrutum
491 666 535 726 iri
567 666 680 743 Itaque¹
693 668 769 726 hano
782 674 873 726 totam
888 685 951 726 rem
964 667 995 725 in
1008 667 1110 727 medio

189 757 287 833 posuit
317 762 347 815 et
378 756 455 834 quod
486 751 665 816 eredendum
696 761 813 832 putaret
841 756 965 815 liberum
997 756 1110 834 cuique

158 846 322 922 sreliquit‚
352 845 408 904 nisi
432 845 510 922 quod
534 851 633 904 sanote
655 864 690 904 ao
713 863 816 904 severe
839 845 945 918 vetut,
973 864 1009 904 ne
1036 845 1111 922 quis

189 952 283 1012 usque
310 935 383 994 adeo
406 935 441 992 ab
464 935 609 993 humanae
632 940 751 994 naturae
773 934 916 1009 dignitate
938 934 1109 1010 degeneret?

189 1029 223 1083 ut
244 1023 356 1082 animas
379 1041 496 1100 quoque
518 1023 639 1082 interire
662 1042 729 1081 eum
753 1041 873 1099 corpore
895 1028 947 1083 aut
959 1023 1105 1082 mundum

188 1118 298 1172 temere
327 1112 398 1171 ferri
425 1112 539 1171 sublata
565 1111 746 1188 providentia
773 1117 866 1187 putet.
911 1113 1009 1189 Atque
1035 1112 1110 1172 ideo

188 1208 255 1278 post
273 1203 349 1261 hano
364 1201 453 1260 vitam
471 1201 614 1278 supplicia
626 1201 705 1259 vitiis
720 1201 845 1274 decreta,
858 1201 957 1259 virtuti
973 1201 1104 1277 praemia

145 1303 170 1343 10
188 1291 346 1350 constituta
377 1289 514 1366 eredunt3
547 1296 647 1349 eontra
679 1290 852 1348 sentientem
884 1308 922 1349 ne
951 1290 982 1347 in
1011 1290 1109 1348 homi·

144 1391 215 1445 [irritu]
243 1398 314 1438 num
335 1379 338 1459 Ι
360 1379 479 1455 quidem
507 1379 618 1438 ducunt
645 1397 779 1454 nanneno,
808 1384 842 1437 ut
869 1378 920 1456 qui
947 1379 1105 1438 sublimem

187 1469 300 1527 animae
324 1487 393 1527 suae
416 1474 549 1527 naturam
571 1468 609 1526 ad
632 1468 749 1545 pecuini
772 1469 939 1545 corpusouli
960 1468 1103 1528 vilitatem

187 1557 339 1617 deiecerit:
363 1562 477 1616 tantum
490 1558 581 1631 abest,
604 1564 638 1616 ut
650 1557 726 1615 inter
740 1557 819 1616 oives
835 1563 952 1633 ponant,
976 1575 1103 1634 quorum

186 1647 320 1705 instituta
343 1664 504 1722 moresque,
528 1647 554 1705 si
575 1665 630 1723 per
648 1651 760 1704 metum
780 1646 873 1720 liceat,
896 1664 999 1705 omnes
1017 1647 1106 1706 floooi

143 1748 168 1788 15
186 1736 317 1794 facturus
340 1735 386 1794 sit.
432 1735 487 1794 Oui
509 1735 587 1794 enim
611 1735 732 1794 dubium
760 1753 825 1794 esse
848 1740 952 1812 potest,
980 1735 1051 1812 quin
1075 1737 1108 1795 is

186 1824 318 1900 publicas
346 1825 458 1901 patriae
485 1825 568 1899 leges
595 1829 645 1882 aut
672 1824 832 1883 arteolam
855 1824 974 1883 eludere
997 1827 1102 1884 autri

186 1913 297 1972 nitatur
318 1913 486 1989 infringere,
514 1913 585 1971 dum
613 1932 684 1972 suae
706 1913 842 1990 privatim
865 1913 1016 1990 cupiditati
1040 1932 1106 1974 ser·

185 2003 254 2077 viat,
277 2003 325 2061 eui
348 2003 448 2061 nullus
471 2003 548 2061 ultra
570 2002 650 2078 leges
674 2007 778 2076 metus,
802 2002 875 2061 nihil
898 2003 975 2062 ultra
994 2020 1108 2079 eorpus

187 2091 249 2168 spei
278 2097 413 2168 superest
434 2091 582 2168 amplius?
620 2090 713 2164 Quam
743 2093 778 2150 ob
809 2110 872 2151 rem
902 2092 946 2150 sio
975 2092 1107 2151 animato·

140 2192 167 2233 ao
185 2180 284 2240 nullus
308 2172 538 2240 communicatur
560 2181 660 2255 honor,
688 2180 787 2239 nullus
810 2181 999 2256 magistratus
1022 2199 1106 2240 oom—

186 2269 325 2344 mittitur;
349 2270 424 2328 nulli
447 2269 563 2346 publico
586 2270 701 2329 muneri
722 2270 905 2346 praeficitm:
929 2271 970 2328 ita
989 2271 1105 2346 passim,

184 2358 265 2417 velut
287 2359 388 2418 inertis
410 2378 445 2417 ao
466 2359 589 2417 iaoentis
612 2364 734 2417 naturae
754 2358 923 2434 despicitur.
961 2359 1100 2418 Ceterum

184 2447 264 2528 nullo
293 2448 433 2507 adficiunt
465 2439 621 2524 supplicio,
653 2448 732 2524 quod
761 2466 935 2524 persuasum
964 2449 1104 2522 habeant„

184 2536 257 2594 nulli
284 2538 339 2596 hoo
366 2537 396 2595 in
424 2555 513 2595 manu
536 2555 614 2611 esse,
645 2544 677 2595 ut
707 2536 849 2614 quidquid
878 2537 948 2596 libet
976 2535 1084 2596 sentiat
1092 2584 1104 2611 ,.

139 2637 165 2678 25
185 2625 235 2684 sed
264 2615 320 2684 neo
346 2615 433 2684 minis
460 2626 581 2701 adigunt
607 2625 688 2700 ullis,
718 2615 849 2684 animum
876 2632 911 2684 ut
932 2624 1100 2685 dissimulet

185 2732 284 2789 suum,
311 2733 366 2774 neo
388 2716 471 2773 tuoos
494 2715 653 2774 admittunt
675 2720 706 2773 et
727 2715 891 2789 mendacia,
919 2734 995 2792 quae
1018 2716 1105 2774 velut,

183 2804 317 2880 proxima
344 2794 440 2862 fraudi
466 2804 574 2862 mirum
597 2823 685 2881 quam
707 2804 816 2863 habent
837 2804 940 2863 invisa.
985 2805 1097 2863 Verum

184 2910 221 2951 ne
250 2910 303 2968 pro
334 2911 387 2951 sua
416 2893 547 2969 disputet
576 2893 733 2966 sententia,
765 2893 920 2969 prohibent
949 2899 1036 2970 atque
1066 2894 1098 2952 id

183 2980 336 3040 dumtaxat
369 2982 448 3056 apud
475 2981 591 3056 ringus.
641 2981 717 3040 Nam
748 2981 856 3059 alioqui
888 2982 967 3058 apud
1003 3001 1102 3042 saeer-

138 3084 164 3123 31
183 3070 267 3128 dotes
289 3088 453 3146 gravesque
467 3070 545 3129 viros
568 3088 700 3130 seorsum
723 3088 781 3128 non
805 3071 904 3129 sinunt
926 3071 1021 3144 modo,
1045 3073 1098 3132 sed

182 3159 335 3217 hortantur
358 3176 472 3236 quoque
500 3160 602 3218 confisi
625 3161 698 3234 fore,
726 3166 760 3218 ut
782 3178 816 3218 ea
837 3160 956 3219 tandem
978 3161 1098 3220 vesania

182 3247 288 3306 rationi
311 3248 403 3306 cedat.

250 3335 325 3396 Sunt
347 3342 377 3395 et
398 3337 447 3394 alii
470 3355 525 3396 neo
543 3337 575 3396 hi
593 3356 663 3396 sane
681 3337 775 3414 pauoi,
798 3356 904 3414 nempe
917 3338 1098 3414 improhibiti

183 3425 274 3484 veluti
302 3443 399 3502 neque
428 3426 539 3485 ratione
565 3427 682 3503 penitus
710 3445 762 3503 pro
791 3445 822 3486 se
845 3433 976 3487 carentes
999 3445 1100 3504 neque

137 3528 163 3568 aa
182 3514 259 3588 mali,
283 3515 334 3592 qui
353 3514 422 3574 vitio
436 3515 523 3590 longe
537 3515 652 3575 diverso
667 3517 818 3575 brutorum
833 3534 949 3594 quoque
962 3522 1100 3575 aeternas
