2512 4020
514 302 617 357 uoavs,
641 302 753 343 morri.
1060 287 1113 346 ν17

195 486 336 556 paternae
358 480 492 539 familiae.
537 480 660 539 Interim
683 480 727 538 illi
750 480 883 539 esuriunt
906 487 1032 554 strenue,
1057 482 1115 541 nisi

196 575 317 642 strenue
338 569 555 629 latrocinentur.
592 568 669 627 Nam
692 569 763 645 quid
786 569 902 643 iaciant,
934 570 958 628 si
986 571 1115 647 quidem,

195 648 251 717 ubi
272 659 396 718 errando
412 658 566 736 paululum
586 664 686 717 vestes
704 677 739 716 ac
752 659 949 717 valetudinem
968 660 1115 735 attrivere,

195 748 300 807 morbo
328 747 389 806 iam
426 748 576 824 squalidos
608 753 696 823 atque
728 747 837 806 obsitos
873 748 979 825 parmis
1020 767 1116 826 neque

160 851 175 890 5
195 837 334 912 generosi
357 837 514 912 dignantur
536 837 670 912 accipere
689 854 786 912 neque
805 837 915 895 audent
932 838 1034 896 rustici
1057 857 1116 897 non

194 925 293 1000 ignari
320 944 397 998 eum,
421 926 472 1002 qui
494 926 621 984 molliter
642 925 783 984 educatus
809 925 841 983 in
864 926 921 985 otio
944 945 979 985 ao
1002 927 1115 986 deliciis

196 1014 303 1074 solitus
322 1015 368 1088 sit,
387 1015 536 1073 accinctus
555 1015 672 1073 acinace
690 1033 726 1072 ao
744 1020 849 1088 caetra,
872 1021 963 1073 totam
979 1016 1115 1075 viciniam

144 1115 207 1170 [eia]
235 1104 320 1162 vultu
342 1104 516 1163 nebuloniec
545 1103 697 1180 despicere
724 1108 754 1162 et
783 1102 993 1184 contemneret
1015 1123 1116 1164 omues

195 1211 268 1269 prae
292 1210 332 1267 se,
355 1193 605 1269 haudquaquam
623 1192 762 1251 idoneum
776 1193 846 1266 fore,
869 1193 920 1269 qui
935 1212 1003 1252 erun
1016 1194 1115 1269 ligone

143 1295 175 1336 10
195 1299 232 1340 ao
259 1300 367 1355 marra,
395 1282 523 1357 maligna
544 1282 680 1340 mercede
702 1300 737 1339 ac
759 1281 840 1340 rictu
867 1300 962 1358 paroc,
991 1283 1116 1342 fideliter

195 1370 340 1430 inserviat
359 1371 521 1448 pauperi!”
562 1371 609 1428 Ad
631 1371 705 1429 haec
726 1371 778 1429 ille
801 1371 909 1447 “Atqui
932 1371 1044 1446 nobis'',
1071 1373 1115 1430 in-

196 1460 274 1536 quit,
298 1460 371 1519 “hoc
398 1460 550 1518 hominum
579 1478 673 1534 genus
700 1459 857 1536 inprimis
880 1460 1038 1519 fovendum
1061 1468 1115 1520 est.

195 1549 234 1606 In
256 1549 305 1607 his
327 1549 419 1622 enim,
447 1555 548 1625 utpote
575 1548 742 1607 hominibus
772 1548 861 1607 animi
884 1549 979 1624 magis
1003 1551 1115 1609 excelsi

195 1656 232 1696 ac
263 1638 470 1713 generosioris,
507 1657 596 1714 quam
627 1643 696 1696 sunt
727 1637 846 1714 opifices
880 1643 931 1696 aut
962 1639 1114 1713 agricolae,

144 1740 175 1781 15
196 1727 364 1785 consistunt
393 1728 472 1786 vires
501 1745 536 1786 ac
564 1728 653 1784 robur
682 1727 845 1800 exercitus,
876 1727 902 1785 si
931 1727 1057 1804 quando..
1077 1730 1116 1787 sit

196 1816 414 1891 confligendum
428 1816 532 1875 bello.''
566 1816 745 1889 “Profecto’',
767 1815 888 1892 inquam
907 1835 970 1891 ego,
993 1817 1115 1876 “eadem

196 1922 286 1981 opera
317 1905 399 1964 dicas
427 1905 497 1964 licet
530 1905 600 1964 belli
631 1905 724 1980 gratia
756 1905 897 1963 fovendos
927 1923 994 1964 esse
1025 1907 1114 1980 iures,

196 1994 305 2070 quibus
328 1994 407 2053 haud
430 1994 516 2053 dubie
539 2012 689 2070 nunquam
711 1994 855 2067 carebitis
879 1994 950 2052 dum
972 1995 1114 2054 habebitis

195 2084 260 2141 hos.
294 2081 372 2156 Quin
394 2102 491 2160 neque
506 2083 633 2142 latrones
653 2083 881 2142 suntinstrenui
895 2083 1005 2142 milites
1018 2102 1115 2160 neque

144 2185 176 2227 20
196 2171 309 2231 milites
338 2173 521 2247 ignavissimi
549 2173 711 2230 latronum:
745 2173 818 2231 adeo
846 2172 923 2230 inter
952 2173 1006 2231 has
1035 2178 1115 2232 artes

195 2261 274 2320 belle
304 2263 447 2321 convenit.
492 2263 532 2320 At
561 2262 616 2320 hoc
643 2261 749 2319 vitium
776 2266 875 2319 tamen
901 2262 1040 2338 frequens
1069 2269 1115 2321 est

196 2350 281 2409 vobis
303 2369 362 2409 non
384 2351 550 2428 proprium,
577 2356 622 2409 est
644 2350 724 2409 enim
747 2350 877 2409 omnium
899 2351 960 2410 fere
983 2351 1114 2425 gentium

196 2457 360 2498 commune.
396 2440 474 2499 Nam
497 2439 607 2498 Gallias
629 2439 748 2498 infestat
770 2439 828 2498 alia
850 2446 999 2515 praeterea
1022 2441 1115 2516 pestis

195 2528 392 2605 pestilentior:
421 2534 481 2588 tota
507 2529 601 2605 patria
625 2528 823 2604 stipendiariis
849 2529 881 2586 in
903 2547 975 2605 pace
999 2547 1114 2605 quoque

146 2631 176 2672 25
197 2618 236 2695 (si
248 2618 300 2676 illa
313 2636 372 2693 pax
386 2618 442 2692 est)
465 2618 583 2695 oppleta
603 2624 690 2694 atque
711 2618 830 2676 obsessa
848 2617 989 2676 militibus
1012 2618 1115 2676 eadem

195 2706 385 2783 persuasione
407 2707 544 2779 inductis,
577 2726 634 2783 qua
662 2725 716 2765 vos
748 2706 855 2765 otiosos
886 2707 935 2765 hio
966 2706 1114 2766 ministros

196 2795 317 2854 alendos
331 2814 396 2855 esse
410 2796 579 2870 censuistis,
603 2814 709 2870 nempe
723 2795 801 2872 quod
820 2796 1003 2871 morosophis
1016 2796 1115 2854 visum

196 2890 243 2944 est
265 2885 296 2942 in
318 2903 352 2943 eo
376 2886 463 2944 sitam
485 2902 551 2943 esse
573 2885 721 2962 publicam
736 2884 868 2957 salutem,
892 2884 963 2943 siin
975 2890 1114 2961 promptu

198 2991 314 3050 semper
335 2974 413 3033 adsit
425 2974 555 3033 validum
577 2975 753 3049 firmumque
776 2973 963 3048 praesidium,
987 2973 1114 3032 maxime

148 3075 177 3118 30
196 3068 415 3140 veteranorum3
439 3081 534 3139 neque
557 3063 636 3121 enim
649 3062 800 3121 confidunt
812 3062 1011 3121 inexercitatis
1032 3063 1114 3140 quic-

197 3171 298 3228 quam,
329 3157 362 3211 ut
388 3152 435 3212 vel
461 3152 529 3211 ideo
559 3152 758 3229 quaerendum
788 3151 832 3210 eis
859 3151 969 3210 bellum
996 3151 1047 3225 sit,
1077 3170 1114 3210 ne

196 3241 349 3318 imperitos
372 3243 496 3300 habeant
514 3242 631 3315 milites,
654 3247 684 3300 et
698 3240 831 3299 homines
845 3239 998 3316 iugulandi
1013 3241 1113 3315 gratis,

196 3348 241 3404 ne,
264 3337 298 3390 ut
320 3332 409 3390 habet
431 3331 524 3389 facete
544 3330 710 3403 Sallustius
733 3347 837 3388 manus
859 3335 911 3388 aut
932 3330 1047 3388 animus
1069 3330 1114 3387 in-

197 3419 286 3496 cipiat
307 3438 361 3497 per
384 3420 476 3479 otium
497 3425 670 3496 torpescere.
706 3420 747 3478 At
763 3437 852 3495 quam
866 3418 904 3477 sit
917 3418 1113 3494 perniciosum

150 3522 179 3564 as
197 3509 286 3569 huius
304 3509 385 3569 modi
403 3509 505 3568 beluas
523 3509 608 3583 alere,
627 3514 657 3567 et
676 3497 772 3568 Gallia
791 3525 844 3567 suo
861 3508 938 3566 malo
957 3507 1066 3582 didicit,
1084 3513 1115 3566 et

205 3627 255 3671 Lat.
269 3628 478 3672 Iitteratnrdenkm.
493 3628 526 3669 11.
936 3609 960 3661 ‘d
