2512 4020
438 329 544 401 nonus,
567 329 678 370 vroru.
997 313 1036 372 71

122 507 202 566 idem
229 509 376 583 praestet?
407 506 484 565 Nam
506 512 557 565 aut
578 507 656 565 mala
683 514 730 566 est
752 507 812 565 vita
838 507 979 581 iucunda,
1008 507 1040 566 id

123 601 170 655 est
192 596 368 673 voluptaria:
397 596 476 672 quod
499 596 525 654 si
548 602 606 670 est,
634 614 692 655 non
716 596 811 655 solum
834 597 979 655 neminem
1002 597 1041 655 ad

123 703 189 744 eam
212 685 300 744 debes
323 685 468 756 adiutare,
498 685 550 743 sed
577 685 712 744 omnibus
740 689 841 762 utpote
863 685 983 744 noxiam
1005 704 1041 744 ac

123 774 311 848 mortiferam,
334 778 475 851 quantum
494 779 586 849 potes,
605 774 747 851 adimerc3
772 779 823 832 aut
841 774 866 833 si
885 774 1041 833 conciliare

87 862 189 922 saliis
212 881 276 922 eam
299 868 334 921 ut
356 864 461 921 bonam
483 881 543 921 non
560 863 630 922 licet
646 864 742 937 modo,
766 863 922 922 sedetiam
942 864 1040 936 debes,

123 971 178 1011 cur
199 970 258 1010 non
276 952 329 1012 tibi
350 952 381 1010 in
404 952 507 1028 primis
526 952 597 1028 ipsi,
620 952 667 1010 cui
688 970 747 1011 non
764 952 864 1011 minus
882 952 1041 1029 propitium

123 1059 190 1100 csse
212 1047 242 1100 te
265 1060 351 1118 quam
374 1041 440 1099 aliis
463 1041 567 1100 decet?
597 1040 701 1118 Neque
717 1041 877 1099 enimcum
893 1047 922 1100 te
937 1047 1041 1101 natura

122 1137 248 1203 moneat,
271 1130 315 1188 uti
333 1130 363 1187 in
381 1129 455 1189 alios
474 1131 568 1188 bonus
589 1130 638 1203 sis,
661 1131 765 1188 eadem
786 1136 815 1188 te
834 1148 937 1188 rursus
958 1130 1040 1189 iubet

123 1219 155 1277 in
178 1225 269 1278 temet
291 1235 414 1278 saevum
437 1225 524 1295 atque
547 1219 752 1278 inclementem
775 1237 850 1278 esse.

72 1322 104 1364 10
142 1324 144 1328 ’
191 1308 291 1366 Vitam
313 1325 382 1383 ergo
396 1307 563 1381 iucundam,
586 1308 730 1385 inquiunt,
752 1307 784 1365 id
800 1308 1039 1384 cstvoluptatem

123 1403 263 1474 tanquam
286 1397 488 1473 operationum
505 1397 635 1455 omnium
653 1398 744 1456 11110111
758 1397 823 1472 ipsa
836 1398 921 1456 nobis
937 1403 1041 1456 natura

122 1486 305 1562 praescribit,
328 1505 367 1545 ex
390 1487 474 1544 cuius
497 1486 677 1563 praescripto
693 1486 792 1544 vivere
806 1486 945 1544 virtutem
968 1486 1041 1544 defi·

122 1575 217 1633 niunt.
262 1576 303 1633 At
329 1593 397 1634 cum
424 1580 528 1633 natura
551 1575 688 1634 mortales
710 1575 815 1633 invitet
836 1576 874 1632 ad
896 1575 1041 1634 hilarioris

123 1665 202 1722 vitae
236 1670 371 1723 mutuum
404 1664 568 1722 subsidium
600 1664 689 1741 (quod
722 1669 800 1723 00110
830 1665 933 1722 merito
963 1664 1040 1737 facit,

71 1768 221 1830 lanaque
244 1753 324 1812 enim
347 1758 407 1811 tam
431 1771 518 1829 supra
541 1753 658 1827 generis
683 1753 803 1811 humani
831 1758 939 1811 sortem
962 1753 1041 1830 quis-

124 1861 214 1919 quam
237 1847 291 1915 est,
314 1848 348 1901 ut
371 1843 452 1901 solus
474 1848 597 1901 naturae
620 1860 707 1900 curae
727 1842 774 1915 sit,
798 1860 873 1918 quae
887 1843 1041 1900 universos

123 1949 164 1990 ex
190 1950 284 2007 aequo
313 1932 401 2004 fovet,
431 1949 505 2008 quos
535 1931 667 1990 eiusdem
698 1932 808 1989 formae
836 1931 1040 1990 communione

73 2031 153 2088 [uiua]
182 2020 411 2096 complectitur),
440 2016 443 2099 1
470 2020 571 2079 eadem
604 2025 634 2078 10
666 2020 805 2078 nimirum
837 2020 919 2078 iubet
952 2020 1041 2078 etiam

123 2114 213 2186 atquc
236 2109 325 2168 ctiam
352 2111 521 2182 observare,
550 2127 588 2167 110
616 2110 660 2167 sic
681 2109 742 2168 tuis
769 2109 930 2168 commodis
957 2109 1041 2168 obse-

71 2213 105 2254 20
124 2198 249 2270 01111100,
279 2204 313 2257 111
338 2198 463 2256 aliorum
491 2216 630 2275 procures
656 2198 847 2257 incommoda.
893 2198 1042 2258 Servanda

123 2287 217 2363 igitur
238 2293 360 2346 censent
388 2305 447 2346 non
474 2287 546 2345 inita
574 2287 669 2346 solum
695 2287 773 2346 inter
795 2288 924 2364 privatos
947 2292 1040 2363 pacta,

125 2376 178 2436 sed
207 2376 340 2452 publicas
370 2377 458 2435 etiam
485 2377 580 2450 leges,
611 2395 684 2452 quas
711 2381 762 2435 aut
789 2377 881 2435 bonus
904 2376 1041 2452 princeps

123 2466 202 2524 iuste
216 2466 412 2542 promulgavit
430 2471 481 2524 aut
496 2466 624 2541 populus
642 2484 697 2524 nec
718 2465 873 2539 tyrannide
896 2483 951 2524 nec
974 2465 1041 2523 doio

124 2554 365 2630 circumscriptus
389 2555 426 2613 de
449 2555 612 2630 partiendis
626 2555 705 2613 vitae
725 2554 894 2627 commodis,
918 2554 973 2613 hoc
995 2559 1042 2612 est

73 2657 105 2700 25
124 2643 248 2703 materia
274 2644 449 2720 voluptatis,
482 2644 630 2702 communi
659 2661 804 2702 consensu
835 2644 940 2702 sanxit.
985 2642 1041 2702 His

123 2732 278 2791 inoffensis
304 2733 421 2808 legibus
444 2738 529 2791 tuam
552 2751 654 2791 curare
677 2732 863 2791 commodum
886 2732 1041 2809 prudentia

124 2827 179 2895 est,
188 2821 341 2898 publicum
350 2824 502 2898 praeterea
510 2822 644 2898 pictatis;
662 2822 713 2881 sed
728 2822 852 2880 alienam
861 2822 1041 2897 voluptatem

124 2916 312 2987 praereptum
334 2912 386 2984 ire,
410 2911 482 2969 dum
496 2929 675 2987 consequare
688 2916 777 2985 tuam,
799 2929 834 2969 ea
848 2929 917 2969 vero
935 2909 1042 2968 iniuria

125 3006 188 3077 est3
211 3005 313 3059 contra
334 3000 386 3058 tibi
408 2999 519 3076 aliquid
542 3000 601 3076 ipsi
614 3000 741 3073 demere,
765 3000 842 3075 quod
856 2999 947 3058 addas
966 2999 1040 3071 aiiis,

76 3089 157 3149 aoid
179 3088 300 3148 demum
329 3094 375 3148 est
404 3089 595 3148 humanitatis
623 3108 658 3147 ao
686 3089 874 3163 benignitatis
902 3088 1041 3161 officium,

125 3177 205 3256 quod
219 3177 317 3254 ipsum
331 3197 482 3254 nunquam
496 3183 611 3236 tantum
626 3180 721 3236 aufert
730 3178 883 3251 commodi,
899 3183 1040 3254 quantum

123 3267 224 3327 refert.
260 3266 335 3326 Nam
360 3273 390 3326 01
403 3267 613 3326 beneficiorum
626 3267 830 3326 vicissitudine
849 3272 996 3343 pensatur,
1011 3272 1041 3325 01

124 3357 191 3434 ipsa
214 3356 357 3416 benefacti
380 3356 558 3416 conscientia
571 3375 606 3414 ac
619 3357 779 3415 recordatio
797 3356 926 3415 caritatis
940 3374 1041 3414 eorum

124 3451 156 3506 01
177 3445 410 3518 benevolentiae,
439 3446 546 3522 quibus
569 3445 761 3518 benefeceris,
791 3446 859 3521 plus
883 3444 1041 3520 voluptatis

78 3546 108 3591 ³6
124 3534 223 3595 aaron
234 3533 340 3609 animo,
350 3553 439 3612 quam
452 3535 557 3593 fuisset
569 3534 621 3593 illa
634 3535 772 3610 corporis,
787 3553 844 3611 qua
857 3533 1041 3609 abstinuisti;
