2512 4020
144 277 186 335 42
505 293 610 349 nonus,
633 292 744 333 vrorm.

187 472 317 545 annales,
340 477 408 530 ante
422 471 580 547 appulsum
594 469 667 528 illuc
681 475 814 528 nostrum
828 469 866 528 de
881 469 971 528 rebus
986 471 1105 543 nostrie,

188 578 262 637 quos
296 560 341 618 illi
373 566 477 618 vocant
508 558 832 636 ultraaeqmnootiales,
868 558 943 616 nihil
973 577 1104 635 unquam

188 649 346 726 quicquam
380 649 547 722 audierant,
580 648 637 706 nisi
667 647 746 724 quod
778 647 848 707 olim
877 647 962 706 annis
997 647 1106 706 abhinc

188 739 323 797 ducentis
353 756 443 814 supra
472 737 554 796 mille
583 736 666 795 navis
694 736 838 812 quaedam
867 736 947 812 apud
976 736 1105 795 insulam

157 840 170 880 5
189 827 327 903 Vtopiam
340 826 492 902 naufragio
506 825 602 902 periit,
616 844 705 902 qnam
718 829 878 901 tempestas
893 843 929 884 eo
942 825 1104 884 detulerat:

177 916 278 987 eiecti
305 924 375 974 suut
400 915 432 973 in
459 915 531 973 litus
553 914 678 973 Romani
701 914 821 990 quidam
843 919 931 990 atque
954 914 1105 990 Aegyptii,

188 1005 239 1081 qui
268 1010 372 1080 postea
402 1022 553 1081 nunquam
584 1004 653 1062 inde
682 1003 853 1062 discessere.
898 1003 984 1061 Hanc
1015 1021 1106 1061 unam

188 1094 374 1152 occasionem
404 1093 473 1152 vide
508 1111 595 1169 quam
633 1091 816 1150 commodam
846 1091 907 1150 illis
945 1109 999 1150 sua
1033 1091 1107 1150 fecit

188 1183 349 1241 industria!
382 1182 465 1241 Nihil
487 1182 559 1240 artis
583 1187 646 1240 erat
667 1181 745 1240 intra
758 1181 923 1239 Romanum
936 1180 1105 1257 imperium,

144 1284 170 1325 10
188 1272 267 1330 unde
294 1271 389 1346 possit
415 1271 523 1347 aliquis
546 1288 613 1329 esse
635 1287 717 1343 usus,
746 1269 825 1346 quod
847 1287 905 1327 non
927 1269 972 1327 illi
994 1274 1046 1335 aut
1069 1271 1106 1328 ab

188 1361 331 1436 expositis
354 1359 519 1436 hospitibus
543 1359 699 1417 didicerint
720 1364 772 1418 aut
793 1358 924 1434 acceptis
945 1358 1107 1434 quaerendi

189 1449 350 1508 seminibus
378 1448 595 1507 adinvenerint:
623 1452 703 1506 tanto
731 1449 806 1506 bono
829 1447 885 1505 luit
906 1447 968 1505 illis
990 1447 1106 1524 aliquos

188 1538 258 1596 hinc
281 1539 373 1596 semel
388 1538 461 1596 illuc
474 1555 540 1596 esse
554 1537 674 1596 delatos.
701 1538 744 1595 At
757 1537 784 1594 si
797 1554 855 1612 qua
869 1535 975 1595 similis
988 1536 1108 1594 fortuna

190 1627 358 1703 quempiam
380 1627 505 1687 antehac
526 1625 609 1684 illine
629 1626 688 1684 huc
710 1624 882 1701 perpulerit,
905 1630 966 1683 tam
987 1625 1107 1700 penitus

144 1729 169 1769 15
188 1716 245 1774 hoc
260 1716 445 1775 obliteratum
463 1721 516 1789 est,
536 1733 624 1791 quam
642 1714 725 1773 istud
743 1732 860 1790 quoque
873 1714 972 1772 forsan
986 1713 1107 1773 excidet

191 1805 318 1880 posteris
346 1823 395 1863 me
424 1804 580 1880 aliquando
609 1803 673 1862 illic
702 1803 802 1862 tuisse.
847 1802 887 1862 Et
914 1808 949 1861 ut
975 1802 1021 1860 illi
1047 1821 1106 1861 uno

191 1894 289 1952 statim
312 1911 474 1969 congressu
497 1893 641 1970 quidquid
656 1911 674 1950 a
687 1892 772 1951 nobis
786 1892 938 1950 commode
952 1891 1106 1950 inventum

189 1989 235 2041 est
256 1983 391 2041 iecemnt
414 2001 509 2054 sumn,
533 1982 577 2040 sic
599 1981 651 2039 diu
673 1982 806 2040 futurum
828 1986 909 2057 puto,
932 1980 1105 2057 priusquam

188 2089 242 2129 nos
269 2071 449 2147 accipiamus
475 2071 647 2148 quicquam,
682 2070 760 2146 quod
787 2069 867 2146 apud
897 2070 966 2127 illos
997 2069 1105 2128 melius

144 2172 171 2213 ao
190 2178 279 2236 quam
301 2160 384 2219 nohis
408 2165 455 2219 est
476 2160 653 2219 institutm
686 2157 769 2231 Quod
785 2177 876 2216 unum
890 2158 1020 2217 maxime
1039 2175 1105 2218 esse

189 2267 254 2307 reor
277 2249 307 2306 in
331 2267 427 2323 causa,
451 2267 511 2323 our,
535 2266 603 2306 cum
625 2266 720 2324 neque
742 2247 860 2323 ingenio
883 2265 979 2323 neque
1000 2247 1105 2323 opibus

189 2337 342 2396 interiores
366 2338 459 2396 simus
482 2337 534 2411 eis,
557 2337 689 2413 ipsorum
711 2342 810 2395 tauma
832 2354 881 2395 res
904 2354 993 2413 quam
1007 2342 1105 2395 nostra

189 2426 362 2503 prudentius
376 2426 597 2485 administretur
615 2432 646 2484 et
665 2425 781 2484 felicius
796 2424 979 2484 efflorescat'
1010 2425 1104 2500 ‘Erga

189 2515 231 2573 mi
245 2515 394 2591 Raphael',
407 2515 535 2592 inquam,
551 2519 712 2591 ‘quaeso-te
726 2520 815 2590 atque
829 2514 959 2588 obsecro,
974 2513 1105 2572 describe

145 2605 273 2663 anobis
302 2605 430 2662 insulam
461 2622 517 2663 neo
543 2605 619 2663 velis
652 2621 718 2662 esse
750 2603 861 2677 brevis,
892 2603 945 2661 sed
966 2603 1105 2678 *explices

190 2693 290 2751 ordine
312 2712 407 2768 agros,
431 2693 546 2765 fluvios,
565 2694 663 2766 urbes
687 2692 828 2766 honrines,
843 2709 948 2765 mores,
961 2691 1105 2768 instituta,

189 2782 273 2857 leges
295 2801 330 2840 ac
353 2782 481 2858 denique
504 2782 609 2855 omnia,
633 2799 708 2858 quae
730 2779 784 2839 nos
797 2787 884 2856 putes
902 2781 979 2839 velle
1000 2798 1106 2857 cogno

191 2889 281 2944 scere,
304 2871 422 2946 putabis
444 2876 544 2929 autem
557 2871 644 2944 velle,
668 2870 812 2946 quidquid
826 2869 923 2928 adhue
939 2868 1105 2928 nescimus!

191 2959 300 3034 ‘Nihil’,
315 2960 418 3037 inquit,
442 2960 555 3019 ‘faciam
575 2959 731 3018 libentius:
757 2977 824 3018 nam
837 2959 910 3024 haec
922 2958 955 3016 in
968 2964 1106 3035 promptu

147 3061 174 3102 ao
192 3050 293 3108 haheo.
327 3049 386 3108 Sed
409 3067 457 3108 res
480 3049 573 3107 otium
587 3048 700 3124 poscit‘
734 3047 1106 3124 ι1111111168οζ1116111111,

192 3138 276 3196 ‘intro
285 3156 440 3215 pransum3
455 3156 526 3196 mox
535 3143 654 3214 tempus
668 3142 767 3196 nostro
780 3137 922 3196 arbitratu
935 3135 1105 3196 sumemus'

191 3226 280 3300 ‘siaa
303 3227 407 3303 inquit.

257 3315 302 3373 lta
324 3316 449 3391 ingressi
472 3315 659 3392 prandimus3
683 3314 784 3390 pransi
803 3314 834 3372 in
847 3313 975 3373 eundem
994 3313 1106 3374 reversi

190 3403 287 3461 locum
301 3405 333 3462 in
341 3405 443 3464 eodem
456 3404 543 3463 sedili
553 3404 843 3480 consedirmrs,atque
852 3403 944 3462 iussis
954 3402 1105 3472 ministris,

145 3505 172 3546 35
191 3504 261 3558 [61111]
285 3511 322 3552 ne
350 3494 416 3570 quis
445 3493 658 3569 interpellaret,
688 3511 742 3567 ego
772 3510 807 3550 ac
833 3492 948 3562 Petrusx
965 3484 1104 3574 Aegidi-‡
