2512 4020
504 310 607 367 nonus,
631 311 743 351 vrorm.
1064 295 1106 352 29

165 487 325 561 -“Facis”,
356 488 452 565 inquit
484 488 653 563 caronam,
687 490 783 547 “bono
814 489 948 548 fortassis
980 490 1107 563 adfectu,

190 577 244 636 sed
273 577 348 635 mihi
370 577 479 636 videris
507 579 638 637 facturus
666 577 766 636 nescio
793 596 832 636 an
855 579 997 652 sanctiue,
1027 585 1108 638 certe

191 666 362 742 sapientius,
386 667 459 724 site
481 667 522 725 ita
541 685 700 742 compares,
724 685 761 726 ne
784 685 851 725 cum
874 667 992 726 homine
1017 669 1108 727 struto

191 761 222 815 et
243 754 368 814 ridiculo
391 755 548 814 ridiculum
570 756 624 814 tibi
647 761 796 815 certamen
814 756 980 815 instituas.”
1014 756 1108 829 “Non‚

156 858 171 898 o
190 844 451 921 domine”,inq11it
462 848 537 903 “non
550 845 676 904 iacerem
690 845 860 921 sapientius.
884 844 959 904 Nam
970 846 1107 905 Solomon

189 934 255 1010 ipse
278 933 511 1010 sapientissimus
535 934 622 993 dicit:
651 934 806 1010 Responde
830 935 921 993 stulto
945 935 1108 993 seeundum

167 1028 168 1031 ’
190 1022 344 1082 stultitiam
368 1023 447 1082 eius:
472 1023 549 1081 sicut
571 1040 626 1098 ego
648 1041 728 1082 nunc
750 1023 824 1082 facio
848 1029 878 1082 et
897 1024 1066 1082 demonstro
1080 1025 1109 1082 ei

189 1113 314 1184 foveam,
336 1111 369 1170 in
387 1130 475 1188 quam
493 1112 585 1185 cadet,
608 1112 667 1170 nisi
690 1113 765 1170 bene
787 1118 951 1188 percaveat.
985 1112 1063 1171 Nam
1082 1114 1108 1171 si

190 1201 277 1260 multi
299 1201 438 1259 inrisores
461 1201 582 1274 Helizei,
606 1202 658 1277 qui
681 1206 744 1260 erat
762 1206 877 1260 tantum
894 1219 974 1260 unus
997 1202 1108 1273 cairus,

144 1303 172 1344 10
191 1295 347 1349 senserunt
379 1291 459 1349 zelus
492 1291 582 1363 calvi,
619 1295 726 1367 quanto
758 1290 853 1365 magis
890 1291 995 1349 sentiet
1030 1309 1109 1348 unus

191 1378 304 1438 derisor
327 1380 486 1437 multorum
508 1380 641 1452 fratrum,
664 1380 696 1437 in
711 1379 818 1455 quibus
833 1385 902 1438 sunt
914 1379 1001 1438 multi
1016 1380 1107 1438 oalu'!

190 1468 230 1527 Et
253 1468 341 1527 etiam
363 1469 507 1527 habemus
530 1469 641 1526 buHam
664 1469 807 1544 papalem,
831 1487 884 1544 per
903 1487 992 1545 quam
1005 1487 1109 1527 omnes

192 1557 242 1634 qui
273 1556 408 1616 derident
440 1575 493 1615 nos
526 1563 595 1616 sunt
626 1557 898 1616 excommunicati.’'
945 1557 1109 1617 Cardinalis

192 1645 242 1704 ubi
265 1646 339 1704 vidit
366 1647 481 1704 nullum
508 1647 572 1705 fieri
599 1647 700 1717 finem,
729 1653 802 1705 nutu
825 1647 957 1721 ablegato
980 1647 1109 1723 parasito

145 1742 281 1811 ibatque
303 1735 392 1793 aliam
414 1735 445 1793 in
468 1754 532 1794 rem
556 1736 740 1794 commodam
762 1753 847 1794 verso
872 1753 1004 1794 sermone
1020 1737 1109 1812 paulo

191 1830 260 1901 post
283 1823 407 1899 surgite
420 1843 523 1884 mensa
545 1830 634 1901 atque
656 1824 810 1883 audiendis
827 1825 969 1883 clientum
982 1825 1109 1900 negotiis
1163 1892 1166 1898 .

192 1913 275 1972 dedit
298 1931 329 1972 se
351 1931 464 1989 nosque
487 1913 606 1972 dimisit.

258 2001 318 2076 En,
345 2002 388 2060 mi
409 2003 504 2075 More,
535 2021 624 2080 quam
651 2003 738 2078 longo
760 2008 790 2061 te
815 2021 949 2062 sermone
973 2003 1108 2078 oneravi;

192 2091 272 2167 quod
294 2097 355 2149 tam
378 2091 428 2150 diu
451 2092 548 2150 facere
571 2093 659 2168 plane
681 2092 836 2168 puduisset
858 2111 919 2165 ma,
943 2092 999 2150 nisi
1022 2098 1055 2150 tu
1079 2099 1110 2150 et

145 2192 173 2234 20
192 2179 300 2257 cupide
329 2180 496 2255 flagitasses
526 2187 556 2239 et
584 2181 627 2238 sic
654 2181 797 2239 videreris
826 2181 940 2254 audire,
969 2186 1109 2257 tanquam

147 2280 211 2334 [dita]
235 2269 329 2328 nolles
343 2269 501 2346 quicquam
518 2270 582 2329 eius
601 2270 766 2328 confabula-
787 2267 790 2349 j
810 2271 898 2329 tionis
917 2270 1019 2343 omitti,
1034 2287 1110 2346 quae

193 2377 370 2435 quamquam
411 2359 559 2435 aliquanto
599 2359 785 2435 perstrictius
825 2360 969 2418 narranda
1009 2365 1108 2418 tamen

193 2447 265 2505 mihi
291 2447 347 2506 tuit
370 2448 488 2506 omnino
510 2453 631 2525 propter
653 2466 755 2507 eorum
776 2448 927 2522 iudicium,
950 2449 1010 2525 qui,
1033 2467 1110 2525 quae

192 2537 379 2596 medicante
402 2544 585 2613 spreverant,
613 2537 716 2596 eadem
739 2555 842 2596 rursus
865 2556 881 2597 e
904 2537 1028 2612 vestigio
1051 2555 1109 2595 non

146 2638 174 2679 aa
193 2626 376 2701 improbante
400 2626 547 2685 cardinale
570 2627 658 2685 etiarn
681 2626 739 2702 ipsi
767 2626 993 2703 comprobarunt
1014 2644 1110 2702 usque

193 2715 267 2774 adeo
281 2715 469 2773 adsentantes
492 2716 528 2789 ei,
551 2721 585 2774 ut
606 2716 727 2792 parasiti
750 2733 867 2792 quoque
890 2716 952 2774 eius
971 2715 1109 2787 inventis,

194 2822 269 2880 quaa
292 2803 427 2862 dominus
449 2822 503 2880 per
524 2805 622 2863 iocum
643 2823 703 2863 non
720 2805 937 2880 aspernabatur,
960 2805 1109 2863 adblandi-

194 2897 295 2952 rentur
327 2898 358 2952 et
393 2893 469 2952 serio
500 2895 709 2970 propemodam
740 2893 944 2952 admitterent:
976 2898 1009 2952 ut
1041 2893 1110 2952 hine

152 3027 154 3032 .
194 2982 290 3058 possis
319 2982 483 3055 aestimare,
513 2982 612 3059 quanti
642 3001 691 3042 me
720 3001 755 3042 ac
785 3001 850 3041 mea
873 2983 993 3041 consilia
1021 2983 1110 3041 aulici

148 3083 176 3125 ao
194 3072 290 3131 forent
312 3071 526 3130 existimaturi!

261 3160 422 3233 ιΡτοΐθοϊο,
450 3161 492 3218 mi
513 3161 664 3237 Raphael',
691 3161 825 3237 inquam,
849 3164 967 3236 ‘magna
989 3179 1036 3218 ma
1058 3160 1110 3218 ad·

194 3249 289 3308 fecisti
302 3251 468 3325 voluptate:
492 3250 533 3309 ita
557 3256 625 3309 sunt
647 3252 744 3309 abste
760 3249 838 3309 dicta
847 3249 1007 3326 prudenter
1021 3249 1109 3307 simul

195 3344 225 3398 et
246 3338 345 3414 lepide
373 3339 483 3414 omnia3
512 3351 664 3416 praeterea
686 3340 769 3398 visus
797 3339 870 3397 mihi
896 3339 1015 3398 inteum
1043 3356 1109 3396 sum
1151 3399 1152 3404 ,

194 3446 252 3486 non
269 3428 365 3487 solum
383 3427 414 3485 in
429 3428 523 3504 patria
536 3429 654 3502 versari,
677 3447 779 3487 verum
798 3428 886 3487 etiam
903 3445 1110 3504 repuerascere

150 3529 176 3570 aa
195 3516 408 3594 quodammodo
440 3518 568 3576 iucunda
600 3517 799 3577 recordatione
831 3516 986 3576 cardinalis
1019 3516 1111 3590 illius,
