2512 4020
512 295 617 349 uonvs,
641 295 752 336 vrorm.
1093 280 1110 335 9

223 505 236 520 η·
263 473 358 546 Hunc,
388 491 455 530 cum
483 473 530 531 die
554 473 680 549 qaudam
703 474 733 530 in
755 473 865 549 templo
888 474 972 532 divae
995 473 1111 545 Mariae,

193 562 275 638 quod
297 567 327 620 et
349 579 438 638 opere
461 562 691 639 pulcherrimum
715 567 744 620 et
767 563 874 638 populo
889 562 1111 621 celeberrimum

196 657 258 724 est,
295 651 339 709 rei
371 651 497 720 diuinae¹
516 651 720 710 ‘intermissam
757 655 846 727 atque
878 658 996 727 peracto
1029 669 1112 710 sacro

197 758 331 816 pararem
353 740 422 804 inde
445 740 476 798 in
499 740 657 816 hospitium
677 740 779 814 redire,
802 741 876 799 forte
890 740 1113 816 conloquentem

158 841 175 882 a
195 828 281 888 video
303 848 370 887 cum
385 829 499 906 hospite
514 829 640 905 quodam
654 829 803 905 vergentis
817 830 855 889 ad
874 829 988 888 senium
1002 830 1112 901 aetatis

186 917 280 984 miltu
306 918 424 991 adusto,
453 918 596 994 promissa
619 919 719 990 barba,
749 919 875 995 paenula
897 918 1055 993 neglectim
1076 920 1112 976 ab

195 1025 298 1065 umero
322 1007 518 1083 dependente,
549 1008 600 1083 qui
628 1007 700 1065 mihi
728 1025 767 1065 ex
789 1008 875 1066 vultu
901 1013 988 1083 atque
1011 1007 1112 1066 habitu

195 1095 352 1154 nauclerus
382 1114 449 1155 esse
477 1096 639 1155 ridebatur.
685 1098 725 1154 At
752 1097 858 1156 Petrus
888 1097 937 1154 uhi
967 1115 1016 1154 me
1046 1114 1113 1154 oon-

162 1243 165 1250 ,
196 1185 307 1261 spexit,
335 1185 454 1244 aditae
477 1185 596 1257 salutat,
623 1185 801 1261 respondere
819 1192 977 1244 conantem
1000 1185 1113 1244 seducit

146 1285 175 1336 ‚³0
196 1274 349 1350 paululum
368 1280 399 1333 et
417 1274 536 1348 ‘Vides’,
558 1273 661 1350 inquit,
677 1275 800 1340 ‘hunc?’,
823 1274 917 1333 Simul
940 1274 1114 1349 designabat

195 1381 277 1436 eum,
308 1381 377 1421 cum
406 1382 464 1439 quo
491 1363 662 1439 loquentem
686 1363 833 1422 videram)
872 1363 979 1436 ‘llum',
1009 1363 1112 1439 inquit,

196 1451 267 1510 ‘iarn
296 1452 366 1510 hinc
395 1452 433 1510 ad
460 1459 490 1511 ts
519 1458 600 1511 recta
626 1454 763 1529 parabam
788 1452 914 1511 ducere!
947 1451 1112 1524 ‘Venisset’,

195 1540 324 1617 inquam,
353 1544 515 1616 ‘pergratus
546 1542 618 1599 mihi
646 1549 697 1600 tua
724 1541 829 1601 caiam’.
869 1541 990 1614 ‘lm1n0',
1018 1541 1114 1617 inquit

149 1693 152 1697 ,
195 1629 255 1704 ille,
279 1629 314 1688 ‘si
336 1648 438 1688 nosses
461 1629 619 1702 hominem,
644 1648 704 1689 sua.
736 1630 812 1688 Nam
835 1648 921 1689 nemo
937 1630 1009 1688 nih
1027 1630 1113 1688 hodic

147 1731 174 1771 io
196 1718 362 1777 mortalium
372 1719 685 1795 omnium,quitantam
693 1720 744 1778 tibi
752 1719 902 1777 hominum
910 1726 1113 1796 terrarumque

195 1808 410 1883 incognitarum
434 1827 552 1866 narrare
576 1809 670 1884 possit
686 1809 847 1881 historiam,
871 1826 996 1884 quarum
1009 1826 1114 1867 verum

195 1895 410 1955 audiendarum
438 1898 498 1956 scio
526 1898 730 1956 avidissimum
754 1916 820 1956 esse
842 1898 889 1956 te?
936 1897 1055 1972 ‘Ergo’s
1071 1897 1114 1955 in-

196 2004 298 2062 quam,
322 1990 389 2044 ‘non
412 1987 539 2062 pessime
563 1987 752 2045 conlectam
776 1987 852 2044 Nam
874 1987 968 2063 primo
991 1992 1113 2062 aspectu

195 2075 328 2151 protinus
361 2076 440 2134 sensi
477 2075 625 2134 hominem
658 2093 724 2134 esse
759 2075 948 2135 naticlertunst
996 2074 1113 2151 ‘Atqui',

144 2175 176 2216 20
194 2164 303 2240 inquit,
332 2164 481 2223 ‘abenasti
503 2164 687 2240 longissime:
717 2165 835 2240 navigat
858 2164 977 2240 quidem
1000 2183 1058 2223 non
1081 2170 1115 2234 ut

195 2253 361 2327 Palinurus,
386 2254 438 2312 sed
461 2259 494 2312 ut
509 2253 624 2326 Vlixes,
653 2253 742 2312 immo
765 2253 847 2312 volut
868 2254 960 2312 Plato.
999 2252 1114 2330 Nempe

195 2341 327 2418 Raphael
351 2342 407 2401 iste
432 2377 473 2384 -
498 2343 541 2401 sic
564 2342 643 2402 enim
665 2348 797 2413 vocatam,
826 2342 974 2417 gentilicio
996 2343 1114 2402 nomine

196 2430 1114 2507 Hythlodeus—etLatinaelinguaenonindoctusetGraecae

148 2565 150 2568 >
196 2520 399 2593 doctissimus
436 2521 521 2578 cuius
552 2521 619 2579 ideo
656 2521 814 2579 studiosior
846 2539 934 2597 quam
966 2520 1113 2578 Romanae

146 2620 177 2661 25
196 2608 266 2682 ant,
294 2609 431 2686 quoniam
459 2615 553 2668 totum
583 2628 614 2668 se
637 2610 792 2668 addixerat
814 2609 1026 2686 philosophiae,
1057 2627 1115 2685 qua

148 2748 150 2752 ,
195 2698 227 2756 in
249 2716 281 2756 re
304 2698 376 2756 nihil
400 2698 478 2774 quod
501 2699 623 2757 alicuius
646 2699 787 2758 momenti
807 2699 845 2758 sit
858 2705 974 2774 praeter
987 2698 1114 2757 Senecae

196 2787 342 2863 ‹piraedam
361 2806 398 2846 ao
415 2787 563 2846 Ciceronis
585 2794 702 2846 exstare
721 2788 824 2846 Latine
847 2788 990 2863 cognorit,
1013 2787 1113 2845 relicto

196 2876 335 2934 iratribus
382 2877 573 2953 patrimonio,
620 2877 697 2952 quod
736 2877 764 2936 ei
802 2877 882 2935 domi
922 2878 1017 2935 hierat
1058 2876 1115 2951 (est

196 2965 275 3024 enim
298 2965 480 3039 Lusitanus),
512 2966 589 3024 orbis
612 2972 755 3024 terrarum
778 2965 995 3042 contemplandi
1018 2965 1114 3023 studio

147 3066 179 3107 eo
196 3054 488 3131 Ameriochspucio
503 3073 534 3113 se
548 3054 684 3120 adiunxit
696 3061 783 3132 atque
797 3055 828 3112 in
841 3056 935 3114 trihus
949 3053 1114 3130 posteriori-

197 3144 253 3202 bus
275 3143 392 3202 illarum
416 3150 553 3220 quattuor
579 3144 806 3220 navigationum,
830 3162 904 3220 qliae
927 3143 1038 3219 passim
1056 3143 1114 3201 iam

187 3232 348 3308 leguntur,
380 3238 541 3308 perpetuus
568 3232 632 3290 eius
661 3251 758 3292 comcs
786 3233 854 3306 fuit,
887 3233 944 3291 nisi
976 3232 1056 3309 quod
1084 3232 1114 3288 in

149 3333 216 3387 [oria]
231 3321 334 3380 ultima
353 3340 420 3379 cum
437 3340 471 3381 eo
485 3340 542 3379 non
556 3322 649 3381 rediit.
682 3322 803 3382 Curamt
819 3323 897 3381 enim
911 3328 998 3399 atque
1018 3319 1022 3401 l
1043 3321 1115 3380 adeo

197 3410 322 3470 extorsit
343 3411 380 3469 ab
396 3410 538 3483 Americo,
563 3418 596 3469 ut
617 3411 681 3487 ipse
704 3412 734 3470 in
756 3412 803 3470 his
819 3410 940 3470 XXHII
960 3416 1046 3483 esset,
1065 3411 1114 3487 qui

150 3512 179 3552 aa
197 3499 234 3558 ad
257 3500 341 3558 *fines
378 3505 542 3576 postremae
578 3501 771 3576 navigationis
803 3501 833 3559 in
866 3501 992 3560 Castello
1029 3500 1115 3558 relin-
