2512 4020
151 291 190 349 22
507 310 613 364 uonvs,
636 311 748 352 vrorm.

193 487 336 545 servaturi
358 492 455 546 tamen
477 487 626 562 integrum
647 486 679 546 id
700 505 809 546 munus
826 488 880 547 tibi
894 489 926 546 in
939 488 1111 564 proximum

193 593 383 650 congressum
400 585 539 649 vestrum,
562 594 658 652 quem,
677 576 733 635 nisi
756 576 828 653 quid
849 577 992 654 impediat
1009 583 1061 636 aut
1078 585 1110 638 te

191 670 243 723 aut
273 664 454 740 Raphaelem
484 665 571 739 hunc,
604 666 749 724 crastinus
781 665 844 724 dies
873 666 963 725 velim
992 667 1110 726 referat.

193 753 250 813 Sed
279 754 396 812 interim
425 754 477 813 abs
504 759 546 828 te,
578 753 619 812 mi
641 754 785 831 Raphael,
815 772 956 831 perquam
985 754 1112 814 libenter

161 855 174 895 s
193 842 344 915 audierim,
367 861 457 919 quare
480 848 513 902 tu
534 843 648 901 turtum
670 849 758 919 putes
774 842 876 902 ultimo
891 844 1036 921 supplicio
1050 863 1108 903 non

149 942 218 996 [cuja]
239 931 323 1007 puni·
344 928 347 1010 1
368 932 477 990 endum
495 949 643 1008 quamque
659 931 745 990 aliam
760 950 883 1008 poenam
901 933 967 1009 ipse
986 938 1110 1008 statuas,

173 1038 266 1097 ¹quae
293 1020 388 1096 magis
414 1021 557 1080 conducat
582 1020 614 1078 in
640 1020 806 1097 publicum,
834 1040 903 1080 nam
924 1022 1108 1081 tolerandum

193 1127 231 1167 ne
253 1114 287 1167 tu
309 1109 427 1185 quidem
450 1109 551 1168 sentis.
585 1111 625 1168 At
647 1109 673 1168 11
695 1128 773 1168 nunc
786 1127 840 1186 per
852 1118 976 1170 mortem
990 1129 1110 1188 quoque

191 1203 290 1256 tamen
303 1197 334 1256 in
347 1199 458 1256 furtum
472 1198 574 1272 ruitur,
588 1198 737 1275 proposita
751 1198 841 1258 semel
855 1199 932 1258 ritae
951 1200 1110 1258 securitate

149 1299 175 1340 10
193 1305 267 1363 quae
288 1286 347 1360 vis,
370 1287 437 1364 quis
460 1294 556 1346 metus
578 1293 680 1363 posset
697 1289 858 1347 absterrere
876 1288 1034 1362 maleficos
1057 1288 1110 1365 qui

193 1374 372 1451 mitigatione
396 1375 532 1452 supplicii
559 1375 641 1435 velut
663 1376 792 1453 praemio
815 1377 942 1454 quodam
962 1377 1000 1436 ad
1018 1377 1109 1437 male·

192 1464 292 1523 ficium
315 1482 347 1524 se
368 1464 503 1524 invitatos
527 1464 825 1541 interpretarentur?”
871 1464 1013 1526 “Omnino
1036 1466 1109 1525 mihi

193 1553 335 1629 videtur'',
362 1553 494 1630 inquam,
517 1558 618 1631 “pater
640 1554 858 1630 benignissime,
881 1554 995 1614 homini
1017 1555 1106 1614 vitam

192 1642 265 1718 eripi
287 1648 405 1719 propter
426 1649 557 1719 ereptam
574 1643 728 1719 pecuniam
742 1661 864 1721 prorsus
877 1644 1012 1720 iniquum
1025 1662 1107 1720 esse;

149 1745 174 1785 15
193 1730 219 1790 si
250 1731 367 1808 quidem
399 1742 482 1791 cum
498 1733 625 1791 humana
657 1732 717 1791 vita
748 1750 785 1791 ne
816 1733 951 1792 omnibus
987 1733 1106 1811 quidem

192 1821 324 1879 fortunae
337 1821 571 1897 possessionibus
585 1821 666 1897 paria
680 1821 743 1881 fieri
757 1839 844 1897 posse
857 1821 989 1881 arbitror.
1009 1821 1105 1895 Quod·

193 1909 218 1968 si
240 1909 349 1970 laesam
368 1909 518 1983 iustitiam,
542 1911 567 1968 si
579 1909 661 1985 leges
675 1910 797 1969 violatas
810 1911 867 1970 hac
879 1910 1001 1987 rependi
1014 1929 1107 1988 poena

192 1997 297 2071 dicant,
321 1999 400 2058 haud
422 1999 583 2075 pecuniam,
607 1999 708 2075 quidni
731 1999 835 2058 merito
858 2017 1008 2059 summum
1031 1999 1105 2058 illud

191 2087 238 2146 ius
252 2106 366 2146 summa
374 2093 495 2147 vocetur
507 2088 632 2146 iniuria?
654 2087 731 2146 Nam
740 2106 836 2165 neque
845 2088 946 2164 legum
956 2089 1108 2165 probanda
1124 2098 1127 2103 “

147 2183 261 2235 rosum
282 2182 343 2235 tam
366 2176 511 2235 Manliana
537 2176 671 2253 imperia,
700 2181 746 2250 ut,
777 2177 868 2236 sicubi
895 2177 925 2234 in
948 2177 1107 2237 levissimis

191 2284 294 2342 parum
323 2266 545 2342 obtemperetur,
573 2265 641 2324 ilico
670 2266 815 2342 stringant
842 2265 981 2341 gladium,
1010 2284 1107 2344 neque

191 2362 250 2413 tam
280 2354 370 2414 stoica
400 2353 484 2428 scita,
514 2360 547 2413 ut
574 2355 671 2413 omnia
696 2361 815 2431 peccata
841 2355 915 2414 adeo
937 2355 1108 2415 existiment

191 2444 283 2519 paria,
315 2449 350 2502 ut
378 2443 450 2502 nihil
478 2443 608 2502 iudicent
635 2443 790 2517 interesse,
822 2443 971 2504 occidatne
1000 2444 1107 2522 aliquis

190 2533 338 2591 hominem
351 2551 388 2590 an
401 2551 555 2592 nummum
574 2532 602 2591 ei
617 2533 762 2610 surripiat,
781 2532 857 2592 inter
873 2551 957 2610 quae,
976 2533 1003 2593 si
1022 2533 1105 2612 quid·

147 2634 173 2674 aa
192 2622 262 2698 quid
289 2621 421 2698 aequitas
443 2622 528 2690 valet,
558 2621 631 2680 nihil
660 2622 777 2680 omnino
806 2621 901 2681 simile
929 2627 981 2681 aut
1010 2623 1107 2683 affine.

191 2710 272 2769 Deus
303 2710 397 2770 vetuit
428 2711 521 2770 occidi
555 2729 747 2788 quemquam,
784 2716 814 2770 et
844 2728 897 2770 nos
928 2718 990 2770 tam
1021 2710 1107 2771 facilc

192 2800 350 2858 occidimus
383 2800 419 2859 ob
455 2800 621 2876 ademptam
650 2799 853 2876 pecuniolam?
894 2798 1007 2873 Quodsi
1040 2801 1107 2878 quis

189 2888 400 2966 interpretetur
413 2889 465 2948 illo
474 2889 529 2948 Dei
544 2889 627 2947 iussu
639 2889 825 2948 interdictam
834 2888 915 2948 necis
923 2894 1107 2966 potestatem,

190 2978 248 3036 nisi
270 2984 415 3054 qnatenus
437 2978 563 3037 humana
586 2978 636 3037 lex
659 2977 788 3037 declaret
802 2977 1011 3038 occidendum:
1035 2978 1106 3056 quid

146 3078 173 3119 so
191 3068 294 3140 obstat,
309 3068 464 3143 quominus
477 3067 609 3126 homines
623 3067 726 3126 eodem
739 3067 825 3126 modo
839 3066 1018 3126 constituant
1030 3067 1109 3127 inter

192 3174 231 3225 se,
254 3162 399 3232 quatenus
422 3162 557 3233 stuprum
577 3156 791 3215 admittendum
805 3156 851 3230 sit,
873 3154 1108 3231 adulterandum,

190 3245 399 3321 peierandum?
429 3245 460 3305 Si
483 3245 604 3321 quidem
626 3263 694 3304 cum
707 3245 789 3304 Deus
811 3263 868 3305 non
886 3244 999 3305 alienae
1011 3246 1108 3319 modo,

191 3352 295 3393 verum
330 3333 418 3393 etiam
450 3352 520 3393 suae
549 3334 654 3411 cuique
686 3333 787 3393 mortis
815 3334 863 3393 ius
894 3333 1053 3411 ademerit,
1081 3333 1108 3394 si

190 3423 340 3482 hominum
366 3423 442 3482 inter
469 3441 501 3482 se
528 3441 690 3482 consensus
718 3423 754 3482 de
780 3429 884 3482 mutua
905 3423 997 3483 caede
1018 3423 1109 3485 certis

145 3524 172 3567 11
190 3513 305 3590 placitis
334 3513 578 3572 consentientium
607 3513 679 3571 adeo
709 3512 798 3572 debet
824 3512 934 3587 valere,
964 3518 1000 3573 ut
1027 3512 1109 3574 illius
