2512 4020
196 293 235 353 70
552 313 655 368 nonus,
679 312 792 353 vrorrn.

237 489 317 563 dum,
341 490 391 566 qui
414 508 472 548 non
495 490 600 548 sentiat
622 491 780 567 petendam
804 491 859 549 sibi
881 509 935 567 per
958 491 1004 551 fas
1022 509 1059 550 ac
1073 492 1154 550 nefas

237 578 431 654 voluptatem,
461 579 517 638 hoc
543 585 658 638 tantum
682 585 810 653 caveret,
840 598 877 638 ne
899 579 996 639 minor
1019 581 1154 656 voluptas

237 667 335 726 obstet
365 667 467 726 maiori
499 673 550 727 aut
580 687 646 727 eam
671 674 877 745 persequatur,
910 687 999 746 quam
1027 669 1153 728 invicem

237 756 353 816 retaliet
380 758 471 815 dolor.
515 756 592 816 Nam
615 758 754 816 virtutem
777 775 911 834 asperam
938 777 973 817 ac
1001 757 1154 817 difficilem

206 845 320 921 esequi
351 865 387 905 ao
417 863 476 904 non
505 846 624 921 abigere
653 847 740 906 modo
772 847 948 906 simultatem
977 847 1070 920 ritae,
1103 847 1154 907 sed

238 934 366 993 dolorem
389 935 477 993 etiam
492 941 595 1011 sponte
608 935 730 1012 perpeti,
755 935 840 994 cuius
859 936 974 994 nullum
996 941 1155 1012 exspectes

236 1024 365 1082 fructum
383 1023 462 1100 (quis
477 1024 555 1082 enim
569 1030 666 1101 potest
680 1042 746 1084 esse
760 1025 882 1098 fructae,
903 1024 930 1083 si
946 1030 1155 1101 postmortem

237 1112 310 1170 nihil
337 1112 520 1189 adsequeris
548 1131 615 1171 cum
644 1115 720 1173 hano
747 1113 838 1172 utam
865 1119 956 1172 totam
983 1113 1156 1187 insuaviter,

237 1200 293 1259 hoc
315 1207 361 1261 est
383 1202 499 1275 misere,
523 1202 727 1278 traduxerisl),
750 1202 782 1260 id
805 1219 874 1261 vero
897 1202 1154 1262 dementissimum

193 1303 219 1343 10
237 1290 343 1348 ferrmt.

303 1379 390 1438 Nunc
408 1398 477 1439 vero
500 1399 557 1439 non
580 1380 611 1437 in
634 1381 711 1439 omni
731 1381 880 1456 voluptate
897 1379 1080 1456 felicitatem,
1105 1381 1161 1440 sed‘

193 1479 258 1533 [hijs]
281 1468 312 1526 in
334 1470 410 1527 bona
431 1475 519 1545 atque
541 1470 663 1528 honesta
680 1469 766 1528 sitam
780 1474 897 1544 putant:
920 1469 959 1527 ad
972 1487 1039 1528 eam
1056 1464 1060 1553 l
1076 1470 1157 1529 enim
1191 1518 1194 1523 .

236 1558 318 1616 velut
340 1557 377 1616 ad
401 1575 550 1616 summum
573 1559 681 1617 bonum
708 1562 844 1616 naturam
870 1563 1002 1616 nostram
1028 1560 1065 1617 ab
1092 1559 1158 1636 ipsa

238 1646 347 1705 virtute
376 1647 518 1723 pertrahi,
553 1647 601 1705 cui
629 1647 684 1706 soli
710 1649 834 1706 adversa
856 1646 950 1706 tactio
981 1647 1155 1707 felicitatem

193 1748 218 1789 15
237 1735 345 1794 tribuit.
377 1735 491 1812 Nempe
505 1737 645 1795 virtutem
660 1737 816 1795 definiunt:
836 1735 998 1794 secundum
1019 1742 1158 1796 naturam

236 1825 349 1897 rivere,
377 1825 415 1884 ad
437 1825 468 1883 id
491 1825 517 1883 si
543 1825 662 1902 quidem
684 1845 702 1884 a
724 1825 787 1884 Deo
813 1824 965 1883 institutos
992 1843 1060 1884 esse
1088 1844 1156 1901 noe,

237 1932 305 1973 eum
331 1931 399 1972 vero
426 1920 547 1972 naturae
575 1915 696 1974 ductum
724 1914 821 1991 sequi,
848 1913 983 1990 quisquis
1010 1914 1043 1972 in
1065 1933 1158 1992 appe·

237 2002 334 2062 tendis
347 2002 554 2080 fugiendisque
566 2004 656 2063 rebus
670 2005 851 2079 obtemperat
862 2002 975 2062 rationi.
998 2003 1157 2063 Rationem

236 2110 322 2168 porro
345 2093 484 2151 mortales
506 2092 634 2168 primum
658 2093 789 2151 omnium
810 2092 842 2150 in
864 2109 996 2151 amorem
1014 2110 1049 2151 ac
1068 2111 1156 2152 vene-

192 2192 218 2233 20
236 2181 377 2239 rationem
405 2181 521 2240 divinae
548 2181 711 2240 maiestatis
738 2180 907 2254 incendere,
936 2180 984 2240 cui
1011 2181 1157 2241 debemus

235 2276 266 2328 et
298 2270 376 2346 quod
408 2288 511 2329 sumus
542 2276 572 2329 et
604 2270 682 2347 quod
719 2276 870 2347 compotes
906 2287 971 2328 esse
1003 2271 1156 2330 felicitatis

236 2377 407 2435 possumus;
432 2359 594 2418 secundum
616 2358 648 2417 id
667 2364 832 2418 commonet
854 2364 942 2435 atque
960 2359 1074 2421 excitat
1092 2377 1156 2433 nos,

227 2454 270 2507 ·ut
302 2448 391 2506 vitam
424 2467 513 2524 quam
548 2448 617 2507 licet
652 2449 773 2508 minime
808 2447 927 2508 anxiam
957 2465 992 2506 ac
1024 2449 1156 2508 maxime

236 2537 343 2596 laetam
375 2537 517 2596 ducamus
546 2537 604 2612 ipsi
641 2537 805 2614 ceterisque
836 2536 973 2595 omnibus
1003 2536 1043 2595 ad
1074 2537 1153 2598 idern

192 2637 218 2678 aa
237 2626 425 2685 obtinendum
449 2626 597 2685 adiutores
619 2644 674 2685 nos
697 2645 749 2702 pro
772 2632 894 2685 naturae
913 2625 1053 2685 societate
1070 2645 1155 2703 prae·

237 2716 366 2773 beamus
417 2714 521 2791 Neque
552 2715 630 2773 enim
660 2715 816 2792 quisquam
845 2733 977 2791 unquam
1006 2715 1064 2775 fuit
1094 2722 1153 2775 tam

236 2804 330 2862 tristis
352 2822 387 2862 aa
414 2804 528 2879 rigidus
557 2804 673 2863 adsecla
696 2804 814 2862 virtutis
842 2809 872 2862 et
894 2821 961 2862 osor
983 2804 1153 2881 voluptatis,

238 2893 288 2968 qui
311 2893 353 2951 ita
374 2893 500 2966 labores,
525 2893 640 2968 vigilias
663 2900 693 2952 et
716 2890 868 2969 squalores
890 2892 1002 2952 indicat
1024 2893 1092 2967 tibi,
1120 2899 1154 2952 ut

236 3000 294 3040 non
316 2982 396 3040 idem
422 2981 546 3040 aliorum
573 2982 701 3058 inopiam
728 2987 817 3058 atque
844 2968 1152 3042 incommoda'levare

192 3082 219 3122 ao
237 3077 267 3129 te
290 3089 342 3147 pro
365 3076 417 3130 tua
439 3071 518 3129 virili
539 3071 640 3130 iubeat
662 3077 692 3130 et
714 3071 745 3128 id
763 3071 942 3129 laudandum
959 3071 1153 3131 humanitatis

237 3160 353 3218 nomine
387 3166 506 3218 censeat
541 3161 689 3218 hominem
723 3160 833 3218 homiui
864 3159 951 3218 saluti
979 3177 1016 3219 ac
1045 3159 1151 3220 solacio

237 3267 309 3308 esse.
347 3247 379 3308 si
401 3249 562 3307 humanum
586 3256 631 3308 est
653 3249 782 3308 maxime
805 3250 873 3325 (qua
887 3248 995 3308 virtuts
1011 3250 1094 3310 nulla
1106 3254 1152 3309 est

237 3337 346 3395 homini
369 3338 464 3412 magis
487 3338 614 3414 propria)
637 3338 760 3396 alimum
782 3337 918 3413 mitigare
939 3337 1105 3399 molestiam
1121 3342 1150 3397 et

238 3426 351 3485 sublata
377 3427 495 3485 tristitia
517 3428 607 3485 vitam
634 3427 823 3501 iucunditati,
853 3427 910 3487 hoc
931 3432 979 3489 est
1000 3426 1148 3505 volupmti,

192 3528 219 3568 aa
237 3515 380 3590 reddere,
396 3515 499 3591 quidni
521 3521 625 3575 natma
648 3534 794 3593 quemque
820 3515 950 3592 instiget,
979 3522 1014 3577 ut
1036 3516 1148 3577 sibimet
