2512 4020
509 311 613 367 moavs,
638 311 748 352 vrorm.
1066 293 1106 351 21

192 491 303 562 charta,
330 489 458 560 fritillos,
485 489 554 565 pila,
583 489 714 565 sphaera,
743 489 859 547 discus:
890 507 927 546 an
949 506 1006 547 non
1028 489 1108 561 haee,

193 578 328 637 celeriter
350 579 494 637 exhausta
516 578 647 654 pecunia,
670 583 750 637 recta
772 595 841 636 suos
864 583 976 652 mystas
991 578 1109 636 mittunt

193 667 291 745 aliquo
318 667 541 726 latrocinatum?
579 667 642 726 Has
673 667 850 743 perniciosas
881 673 980 742 pestes
1012 667 1108 741 eicite3

194 756 321 829 statuite,
339 762 373 814 ut
386 756 472 814 villas
485 762 573 832 atque
591 755 698 832 oppida
710 756 819 814 rustica
832 762 883 814 aut
897 756 928 813 hi
946 755 1109 827 restituant,

157 845 248 922 equi
270 845 392 918 diruere,
416 851 466 903 aut
484 863 518 904 ea
540 845 644 904 cedant
662 844 833 920 repositorio
856 849 943 920 atque
958 844 1110 902 aedificem

194 934 374 993 volentibus!
407 934 561 993 Refrenate
593 934 789 1010 coemptiones
818 934 890 991 istas
922 932 1047 991 divitum
1075 952 1110 992 ac

194 1023 275 1082 velut
297 1023 454 1099 monopolii
469 1023 626 1082 exercendi
639 1023 801 1081 licentiam!
826 1022 982 1080 Pauoiores
996 1022 1110 1080 alantur

195 1112 268 1187 otia,
303 1111 443 1170 reddatur
469 1112 651 1187 agricolati03
681 1111 841 1170 lanificium
863 1111 1049 1183 instauretur,
1076 1117 1110 1169 ut

195 1201 234 1260 sit
256 1202 411 1259 honestum
434 1201 592 1276 negotium,
616 1219 674 1277 (1110
693 1218 725 1259 se
748 1200 858 1266 utiliter
871 1205 1006 1259 exerceat
1019 1200 1110 1258 otiosa

146 1290 253 1348 mista
279 1291 377 1363 turba,
404 1289 452 1348 vel
475 1307 549 1366 quos
572 1291 714 1348 hactenus
736 1289 833 1365 inopia
859 1290 940 1348 tures
966 1289 1036 1347 iecit
1063 1288 1110 1347 vel

195 1379 246 1456 (1111
260 1397 338 1437 mmo
350 1396 468 1437 errones
483 1383 534 1437 aut
548 1378 632 1437 otiosi
647 1383 715 1437 sunt
729 1378 863 1451 ministri,
878 1379 959 1436 fures
973 1377 1109 1435 nimirum

195 1468 312 1544 utrique
334 1467 440 1525 bituri!
471 1467 556 1526 Certe
578 1468 636 1525 nisi
650 1468 696 1525 his
714 1467 800 1526 malis
813 1467 979 1540 medemini,
1002 1468 1110 1524 trustra

194 1557 308 1615 iactetis
331 1556 491 1615 exercitam
509 1556 539 1613 in
554 1556 729 1614 vindicanda
742 1557 820 1615 buta
832 1555 983 1629 iustitiam,
1006 1574 1110 1632 nempe

196 1645 357 1722 speciosam
385 1645 479 1720 magis
509 1664 598 1722 quam
627 1650 678 1703 aut
706 1645 815 1704 iustam
844 1651 894 1703 aut
923 1645 1033 1703 utilem.
1080 1645 1110 1704 Si

146 1747 176 1788 15
195 1735 314 1811 quidem
337 1752 406 1792 cum
428 1733 555 1810 pessime
579 1733 673 1792 sinitis
687 1734 805 1793 educari
819 1741 848 1793 et
862 1751 957 1792 mores
971 1734 1109 1809 paulatim

194 1825 231 1882 ab
261 1823 369 1882 teneris
395 1823 481 1882 annis
508 1823 669 1902 corrumpi,
699 1823 862 1898 puniendos
885 1822 1020 1881 videlicet
1046 1828 1109 1881 tum

195 1913 329 1985 demum,
365 1930 432 1972 cum
469 1930 504 1970 ea
541 1912 651 1987 flagitia
689 1912 745 1970 viri
781 1912 949 1986 designent,
986 1929 1110 1988 (1110111111

195 2019 279 2077 spem
302 2001 338 2061 de
361 2019 393 2060 se
415 2006 587 2078 perpetuam
607 2001 764 2077 apueritia
786 2018 881 2077 usque
903 2002 1109 2076 praebuerant:

195 2090 267 2166 quid
298 2090 391 2169 aliud,
426 2108 550 2167 quaes0,
587 2109 674 2166 quam
711 2090 806 2148 facitis
842 2091 923 2148 tures
960 2095 990 2148 et
1021 2089 1110 2148 iidem

144 2190 176 2232 20
194 2179 359 2255 plectitis?”

261 2269 325 2326 Iam
339 2287 385 2327 me
399 2269 472 2326 haec
480 2269 617 2344 loquente
631 2268 703 2326 iuris
717 2268 767 2326 ille
780 2269 933 2326 consultus
947 2267 1064 2326 interim
1079 2285 1110 2326 se

195 2357 233 2414 ad
260 2357 416 2416 dicendum
444 2362 647 2433 composuerat
673 2376 708 2415 ao
735 2362 875 2416 statuerat
902 2374 1003 2414 secum
1025 2356 1111 2415 modo

195 2445 245 2504 illo
268 2446 392 2505 solemni
411 2446 625 2522 disputantium
638 2446 690 2518 uti,
713 2445 765 2522 qui
784 2445 953 2521 diligentius
973 2450 1111 2521 repetunt

196 2554 283 2612 quam
305 2535 499 2611 respondent:
522 2535 594 2593 adeo
618 2536 722 2593 bonam
745 2540 861 2611 partem
882 2534 978 2593 laudis
998 2539 1111 2610 ponunt

146 2635 176 2677 25
195 2625 226 2682 in
249 2624 397 2683 memoria.
442 2624 569 2698 “Belle”,
596 2624 704 2701 inquit,
728 2623 847 2682 “dixisti
873 2624 1014 2700 profecto,
1043 2641 1111 2681 cum

196 2714 237 2772 sis
260 2713 398 2772 videlicet
425 2714 547 2789 hospes,
576 2713 626 2789 (1111
653 2713 748 2787 magis
770 2713 871 2771 audire
894 2712 941 2770 his
964 2712 1001 2770 de
1023 2713 1111 2770 rebus

195 2802 305 2879 aliquid
334 2802 464 2878 potueris
492 2820 580 2878 quam
610 2807 712 2860 exacte
738 2802 894 2878 quicquam
926 2819 1110 2876 cognoscere,

195 2891 227 2948 id
240 2892 319 2967 quod
334 2909 389 2966 ego
403 2890 504 2967 paucis
522 2891 647 2949 efficiam
665 2891 861 2967 perspicuum.
893 2889 969 2949 Nam
983 2890 1110 2966 primum

195 2980 296 3040 ordine
324 2981 491 3053 recenseb0,
519 2998 594 3056 quae
616 2986 649 3038 tu
672 2979 789 3054 dixisti;
818 2979 924 3038 deinde
951 2979 1110 3050 ostendam,

146 3082 177 3123 ao
196 3069 303 3146 quibus
316 3070 347 3127 in
356 3070 444 3128 rebus
457 3069 598 3145 imposuit
606 3069 659 3127 tibi
668 3074 833 3126 nostrarum
846 3086 944 3128 rerum
956 3068 1110 3144 ignoratio,

195 3164 344 3234 postremo
366 3158 493 3217 rationes
515 3164 581 3216 tuas
602 3176 703 3216 omnes
718 3157 827 3215 dilrmm
841 3163 929 3234 atque
944 3157 1110 3216 dissolvam.

194 3247 291 3322 Igitur
304 3252 337 3305 ut
350 3265 367 3305 a
380 3247 475 3324 primo
485 3247 564 3323 quod
579 3264 646 3304 sum
659 3245 807 3322 pollicitus
820 3247 963 3319 exordiar,
975 3252 1112 3322 quattuor

194 3336 267 3394 mihi
281 3335 362 3395 visus
381 3354 413 3395 es
429 3335 490 3378 —’'
506 3335 632 3394 “Tace!”
647 3335 742 3412 inquit
755 3335 918 3408 cardinalis,
933 3338 1019 3393 “nam
1033 3334 1111 3392 haud

193 3442 390 3501 responsurus
400 3425 500 3501 paucis
510 3424 627 3497 videris,
642 3425 692 3501 qui
708 3424 749 3483 sic
763 3424 892 3501 incipian.
916 3423 1110 3497 Quamobrem

146 3527 176 3568 ae
194 3513 358 3574 levabimus
387 3514 417 3571 in
445 3514 591 3592 praesenti
618 3519 648 3572 te
675 3514 730 3572 hac
757 3513 952 3589 respondendi
980 3513 1111 3572 molestia
