2512 4020
507 308 610 366 uoavs,
634 310 748 350 vrorm.
1087 294 1107 377 ῥ7

192 492 253 546 tam
276 486 393 564 ingrati,
417 492 450 546 ut
472 505 540 546 eum
554 487 688 563 impense
703 487 886 559 delectentur
900 505 997 565 opere,
1019 487 1110 547 nihilo

192 581 292 635 tamen
305 576 401 652 magis
414 582 513 635 ament
527 581 686 651 auctorem,
705 594 763 635 non
778 576 928 636 absimiles
942 577 1110 636 inhumanis

193 665 374 741 hospitibus,
406 664 458 741 qui
489 683 556 725 oum
588 665 708 742 opipare
741 665 874 724 convivio
906 665 1019 743 prolixe
1052 666 1111 725 sint

193 755 321 831 excepti,
344 753 435 814 saturi
458 753 578 813 demum
594 753 751 814 discedunt
765 754 884 813 domum
898 755 987 813 nullis
1002 755 1111 814 habitis

157 856 172 896 a
192 843 297 919 gratiis
320 843 357 917 ei,
380 861 469 920 aquo
492 850 562 902 sunt
584 842 708 902 invitati.
749 843 764 901 I
788 861 866 902 nune
890 849 921 903 et
943 842 1110 904 hominibus

191 937 254 991 tam
277 932 395 992 delicati
417 930 516 1008 palati,
539 937 600 990 tam
614 933 688 990 varii
711 938 825 1008 gustus,
849 931 937 991 animi
961 937 1111 1010 praeterea

191 1027 253 1080 tam
276 1019 414 1080 memoris
437 1026 468 1080 et
490 1020 566 1096 grati
590 1020 649 1079 tuis
673 1021 815 1097 impensis
837 1021 957 1097 epulum
980 1021 1108 1080 instrue!

192 1108 253 1169 Sed
276 1115 388 1183 tamen,
415 1110 457 1168 mi
480 1109 580 1183 Petne,
609 1115 643 1168 tu
667 1107 740 1168 illud
767 1128 830 1186 age,
855 1109 933 1187 quod
956 1110 1019 1168 dixi
1042 1128 1110 1170 oum

191 1198 376 1274 Hythlode03
407 1204 510 1274 postea
539 1204 638 1258 tamen
670 1198 819 1274 integrum
848 1199 905 1258 erit
932 1199 986 1258 hac
1015 1199 1051 1258 de
1078 1218 1110 1258 re

145 1300 173 1342 10
192 1288 347 1346 consulere
379 1288 483 1347 denuo.
529 1286 712 1364 Quamquam
736 1287 761 1346 si
788 1288 818 1347 id
845 1285 939 1364 ipsius
962 1288 1111 1347 voluntate

191 1376 256 1450 fiat,
285 1376 522 1454 quandoquidem
549 1376 696 1436 scribendi
723 1377 821 1436 labore
848 1377 1005 1436 defamatus
1032 1394 1111 1435 nuuc

159 1516 161 1520 ,
192 1483 259 1525 soro
291 1464 386 1542 sapio,
418 1465 497 1542 quod
528 1465 677 1542 reliquum
705 1472 750 1525 est
777 1466 814 1524 de
844 1465 971 1535 edendo,
1005 1483 1111 1543 sequar

191 1554 353 1614 amicorum
376 1553 533 1613 consilium
555 1560 645 1631 atque
667 1554 698 1612 in
722 1554 825 1631 primis
848 1561 940 1614 tuum.

260 1643 342 1718 Vale,
362 1642 534 1702 dulcissime
552 1643 639 1702 Petne
651 1643 765 1718 Aegidi,
782 1661 849 1702 cum
864 1644 973 1720 optima
987 1644 1110 1719 coniuge

144 1746 172 1787 ro
192 1751 227 1792 ac
249 1751 306 1808 me,
329 1738 363 1791 ut
385 1733 470 1806 soles,
493 1750 567 1806 ama,
591 1732 707 1808 quando
731 1750 785 1807 ego
808 1738 838 1791 te
851 1751 917 1791 amo
931 1733 1020 1792 etiam
1033 1733 1110 1809 plus,

192 1839 283 1899 quam
306 1821 393 1881 soleo.

590 1903 671 1958 Finis.

550 2141 710 2148 w..

170 2421 224 2475 [aja]
258 2403 418 2469 SERMO
448 2402 727 2468 RAPHAELIS
758 2403 1039 2468 HYTHLODEI

192 2515 263 2574 viri
285 2515 410 2574 eximii
432 2515 476 2574 de
499 2515 632 2592 optimo
655 2515 711 2573 rei
734 2516 901 2591 publicae
925 2521 1021 2574 statu
1044 2534 1111 2592 per

143 2636 174 2678 ao
307 2618 499 2681 inlustrem
526 2621 640 2679 virum
669 2620 834 2680 Thomam
862 2622 997 2681 Morum

273 2728 421 2788 inclitae
448 2728 715 2787 Britanniarum
743 2729 843 2787 urbis
870 2729 1025 2787 Londiui

392 2841 430 2894 et
457 2835 569 2894 civem
598 2841 634 2894 et
657 2836 911 2894 vicecomitem.

261 2977 338 3037 (lum
355 2985 423 3037 'non
445 2977 556 3053 exigui
582 2978 724 3037 momenti
751 2978 869 3054 negotia
896 2978 1039 3055 quaedam
1066 2979 1110 3037 in·

193 3066 374 3126 victissimus
415 3067 541 3142 Angliae
582 3085 637 3125 rex
677 3067 839 3140 Henricus,
882 3067 945 3126 eius
986 3067 1111 3127 nominis

144 3170 174 3212 25
193 3161 323 3231 octavus,
343 3156 477 3214 omnibus
491 3155 604 3231 egregii
617 3155 759 3232 principis
772 3156 885 3215 artibus
899 3157 1110 3231 ornatissimus,

194 3263 262 3304 cum
286 3245 474 3304 serenissimo
489 3245 634 3304 castellae
653 3244 784 3321 p1incipe
800 3244 903 3304 Carolo
924 3253 1111 3305 controversa

184 3352 290 3410 ,nuper
325 3333 492 3407 habuisset,
530 3334 567 3392 ad
599 3353 633 3392 ea
664 3334 815 3393 tractanda
852 3334 1112 3411 componendaque

194 3429 340 3482 oratorem
354 3440 401 3482 me
416 3422 526 3498 legavit
539 3422 570 3480 in
583 3422 758 3497 Flaudriam,
772 3423 909 3482 comitem
923 3429 952 3482 et
967 3424 1111 3499 collegam

194 3512 249 3570 viri
271 3511 507 3588 incomparabilis
531 3511 684 3570 Cuthberti
707 3511 859 3585 Tunstalli,
883 3530 971 3588 quem
996 3513 1110 3571 somniis
