2512 4020
507 327 612 383 1101110,
636 328 748 368 110011.
1069 313 1108 370 53

191 523 341 581 quamque
364 505 455 564 otiosa
478 505 578 580 turba3
607 505 690 563 adice
714 505 820 564 diantes
844 523 953 578 omnes,
982 505 1110 564 maxime

194 594 379 670 praediorum
403 593 544 667 dominos,
572 612 645 670 quos
669 595 757 669 vulgo
780 612 939 669 generosos
961 595 1111 670 appellant

194 700 230 741 ac
253 683 379 759 nobiles3
403 683 451 741 his
474 683 634 742 adnumera
657 683 791 764 ipsorum·
806 683 995 755 famulicium,
1019 688 1110 742 totam

195 771 333 831 videlicet
364 772 444 830 illam
482 778 675 830 caetratorum
714 772 892 831 nebulonum
929 773 1109 849 conluviem;

156 873 174 914 0
196 862 332 920 robustos
346 861 472 937 denique
490 879 525 919 ao
533 862 664 919 valentes
678 862 827 920 mendicos
840 860 966 936 adiunge
977 862 1110 919 morbum

195 950 363 1026 quempiam
382 955 586 1026 praetexentes
600 950 734 1008 inertiae:
759 951 850 1008 multo
865 956 945 1008 certe
959 950 1110 1025 pauciores

195 1057 269 1111 esse,
281 1057 368 1115 qnam
380 1044 507 1115 putaras,
517 1039 647 1098 invenies
662 1057 720 1111 000,
732 1057 856 1115 quorum
870 1039 967 1097 labore
977 1044 1110 1097 constant

195 1128 395 1201 haecomnia,
419 1128 525 1204 quibus
547 1124 685 1186 mortales
709 1134 837 1186 utuntur.
869 1128 1012 1203 Expende
1033 1146 1110 1186 nuno

195 1221 294 1275 tecum
323 1235 362 1275 ex
388 1217 435 1275 his
463 1217 549 1292 ipsis,
580 1235 667 1293 quam
690 1218 777 1293 pauci
800 1217 831 1274 in
853 1217 1025 1275 necessariis
1049 1217 1110 1292 opi-

144 1317 175 1358 10
195 1305 270 1364 liciis
284 1310 446 1377 versantur,
471 1305 622 1383 siquidem,
637 1306 685 1364 ubi
702 1306 798 1364 omnia
814 1306 948 1382 pecuniis
962 1305 1109 1378 metimus

195 1395 303 1452 multas
332 1402 411 1453 artes
440 1413 562 1453 necesse
586 1402 631 1453 est
653 1396 784 1453 exerceri
806 1395 908 1454 inanes
932 1412 1052 1470 prorsus
1075 1413 1110 1454 ao

196 1484 370 1560 superfluae,
393 1484 483 1542 luxus
506 1489 620 1542 tantum
643 1502 677 1542 ac
692 1484 823 1542 libidinis
839 1484 996 1542 ministrae.
1033 1483 1110 1542 Nam

194 1573 269 1631 haec
290 1573 356 1649 ipsa
379 1572 546 1645 multitudo,
570 1591 645 1649 quae
661 1591 739 1631 nunc
753 1578 896 1649 operatur,
912 1573 938 1630 si
953 1573 1111 1648 partiretur

194 1661 224 1719 in
247 1667 307 1720 tam
330 1679 438 1738 paucas
460 1667 546 1733 01100,
570 1680 659 1738 quam
682 1680 790 1737 paucas
804 1661 974 1720 commodus
991 1669 1109 1720 naturae

145 1763 174 1804 15
194 1769 267 1808 usus
295 1750 436 1829 postulat,
463 1751 494 1808 in
522 1756 602 1808 tanta
628 1769 727 1809 rerum
749 1751 938 1823 abundantia,
972 1755 1109 1826 quantam

194 1858 274 1897 nunc
296 1857 361 1899 esse
384 1857 505 1899 necesse
529 1840 574 1911 sit,
603 1840 697 1915 pretia
720 1840 859 1898 nimirum
882 1840 984 1897 uiliora
1006 1840 1109 1912 forent,

194 1947 284 2005 quam
313 1933 347 1986 ut
375 1929 503 1987 artifices
535 1928 604 1986 inde
634 1929 724 1986 vitam
756 1929 832 1987 tueri
865 1946 947 1986 sitam
980 1934 1108 2004 possent.

193 2019 234 2076 At
249 2018 273 2075 si
287 2017 337 2076 isti
353 2035 462 2090 omnes,
478 2036 552 2094 quos
567 2036 644 2076 nuno
657 2018 766 2076 inertes
780 2024 858 2077 artes
872 2017 1059 2092 distringimt
1074 2036 1109 2075 ac

194 2111 255 2164 tota
277 2107 399 2183 insuper
412 2107 470 2165 otio
486 2126 521 2165 ao
537 2107 650 2165 desidia
662 2107 855 2182 languescens
870 2107 961 2179 turba,
985 2124 1109 2182 quorum

143 2208 272 2253 nonnus
307 2195 403 2272 quiris
433 2214 534 2254 eanum
566 2213 677 2269 10111111,
705 2215 780 2272 quae
810 2195 934 2253 aliorum
961 2195 1108 2253 laboribus

194 2284 432 2360 suppeditantur,
474 2291 615 2361 quantum
652 2285 710 2342 duo
747 2286 906 2343 earundem
942 2289 1108 2359 operatores

195 2374 352 2447 consumit,
383 2372 414 2431 in
437 2392 524 2449 opera
546 2374 678 2432 universi
701 2379 789 2450 atque
812 2374 913 2432 eadem
936 2373 1018 2430 utilia
1042 2391 1109 2431 oon-

193 2463 374 2534 locarentur,
405 2463 490 2521 facile
518 2463 737 2535 animadvertis
768 2463 941 2539 quantulum
968 2462 1108 2537 temporis

194 2551 232 2609 ad
260 2551 472 2628 suppeditanda
500 2551 609 2621 omnia,
642 2570 716 2628 qnae
743 2552 792 2610 rel
822 2551 1006 2610 necessitatis
1035 2550 1109 2609 ratio

142 2653 175 2694 ao
194 2640 242 2699 vel
272 2640 485 2699 commoditatis
517 2641 674 2715 efflagitet,
707 2641 793 2717 (adde
823 2639 981 2716 voluptatis
1011 2640 1107 2712 etiam,

145 2740 225 2795 [tauja]
255 2747 330 2806 quae
353 2729 473 2806 quidem
495 2747 565 2787 vera
588 2730 625 2788 sit
646 2748 680 2788 ac
701 2728 704 2808 1
725 2730 876 2804 naturalis)
899 2730 1014 2787 abunde
1037 2729 1108 2787 satis

195 2835 342 2894 superque
365 2819 457 2893 loret3
490 2824 577 2894 atque
607 2819 637 2876 id
667 2819 765 2895 ipsum
788 2819 819 2876 in
842 2818 950 2894 Vtopia
973 2836 1020 2876 res
1043 2818 1109 2893 ipsa

192 2907 382 2984 perspicuum
405 2908 483 2966 facit.
524 2907 600 2964 Nam
623 2908 685 2965 illic
708 2908 738 2965 in
762 2913 821 2966 tota
844 2908 915 2965 urbe
938 2925 1006 2965 cum
1029 2907 1108 2965 adia-

194 3002 279 3055 cente
302 2996 408 3054 rioinia
431 2997 482 3053 vix
505 2995 638 3054 homines
662 2996 815 3072 quingenti
829 3015 868 3055 ex
887 2997 964 3054 omni
979 2997 1108 3054 virorum

145 3098 175 3139 ao
194 3103 229 3144 ac
260 3085 418 3144 mulierum
446 3103 575 3158 numero,
606 3104 731 3161 quorum
758 3091 837 3144 aetas
860 3104 895 3143 ac
917 3086 1005 3144 robur
1027 3085 1108 3161 operi

194 3174 312 3241 suflicit,
328 3175 438 3233 vacatio
453 3175 640 3250 permittitur.
672 3175 707 3233 In
726 3175 773 3233 his
791 3175 990 3250 spphogranti
1007 3192 1107 3250 quam-

193 3282 282 3340 quam
305 3262 387 3339 leges
410 3282 460 3322 eos
482 3264 581 3322 labore
604 3263 763 3337 solverunt,
786 3264 845 3339 ipsi
858 3268 957 3321 tamen
972 3281 1036 3322 sese
1050 3281 1107 3320 non

194 3351 339 3424 eximunt,
363 3371 420 3429 quo
443 3352 557 3411 facilius
576 3353 711 3428 exemplo
731 3371 783 3411 suo
800 3352 928 3429 reliquos
942 3354 980 3411 ad
993 3353 1107 3410 labores

192 3441 327 3500 inritent.
373 3441 483 3500 Eadem
512 3442 695 3500 immunitate
719 3442 847 3516 gaudent
870 3442 909 3512 hi,
934 3459 1107 3518 0110000111-

148 3542 176 3584 00
193 3530 378 3590 mendatione
416 3531 599 3590 sacerdotum
636 3549 794 3607 persuasus
826 3531 954 3606 populus
986 3530 1107 3589 occultis
