2512 4020
504 316 608 370 MORVS,
634 316 744 355 VTOPIA.

190 494 454 569 syphograntorum
478 492 625 567 suffragiis
647 493 683 550 ad
706 492 916 568 perdiscendas
934 492 1109 568 disciplinas
1137 513 1140 518 ·

190 588 361 658 perpetuam
398 582 578 640 vacationem
616 582 760 656 indulget.
816 581 947 654 Quorum
980 581 1006 640 si
1038 582 1109 658 quis

87 678 89 683 ’
190 676 359 747 conceptam
374 670 411 730 de
426 689 457 729 se
472 689 555 747 spem
569 671 715 744 fefellerit,
739 670 775 728 ad
790 671 912 746 opifices
927 670 1108 746 retruditur;

190 767 347 836 contraque
384 777 441 817 non
475 764 605 818 rarenter
637 776 693 817 usu
725 759 818 832 venit,
850 765 884 817 ut
916 760 1109 818 mechanicus

158 863 171 903 5
190 849 335 925 quispiam
359 848 520 907 subcisivae
542 848 609 906 illas
632 850 718 906 horas
741 855 801 906 tam
823 849 937 907 naliter
955 848 1111 924 impendat

189 938 308 1011 litteris,
341 943 454 995 tantum
485 935 637 1012 diligentia
667 937 810 1012 proficiat,
840 943 874 995 ut
904 937 1019 1012 opificio
1054 955 1111 996 suo

189 1032 344 1102 exemptus
367 1027 398 1084 in
418 1025 614 1084 litteratorum
627 1026 751 1085 classem
768 1027 954 1101 provehatur.
987 1026 1112 1085 11111100

189 1115 381 1174 litteratorium
392 1115 492 1173 ordine
501 1115 598 1189 legati,
607 1115 780 1187 sacerdotes,
791 1114 931 1173 tranibori
940 1120 1030 1191 atque
1040 1115 1111 1192 ipse

190 1204 316 1281 denique
340 1203 476 1278 deligitur
499 1204 643 1279 princepe,
672 1222 760 1280 quem
787 1203 830 1261 illi
854 1203 951 1280 prisca
973 1203 1112 1280 ipsorum

147 1307 171 1347 10
188 1293 290 1367 lingua
303 1294 461 1366 barzanem,
475 1293 636 1351 recentiore
648 1293 785 1351 ademum
799 1292 957 1369 appellant.
981 1293 1114 1369 Reliqua

189 1383 251 1441 lere
264 1381 420 1440 multitudo
435 1382 529 1440 omnis
543 1400 610 1440 cum
623 1399 717 1457 neque
727 1381 819 1440 otiosa
831 1381 870 1440 sit
883 1400 937 1441 nee
951 1382 1113 1440 inutilibus

190 1471 312 1546 opificiis
328 1476 475 1547 occupata,
490 1470 628 1546 procliiu's
644 1470 807 1528 aestimatio
822 1477 876 1544 est,
892 1489 981 1547 quam
995 1489 1113 1547 paucae

190 1561 277 1618 horae
301 1566 442 1636 quantum
465 1560 533 1617 boni
557 1559 653 1635 operis
676 1559 797 1635 pariant.

256 1648 303 1707 Ad
325 1667 359 1707 ea
382 1667 456 1724 quae
479 1649 702 1707 commemoravi
720 1648 775 1706 hoc
789 1653 941 1723 praeterea
954 1648 1113 1708 facilitatis

147 1751 172 1790 ro
192 1738 310 1810 aooedit,
339 1737 416 1813 quod
439 1737 471 1796 in
493 1736 664 1796 necessariis
687 1737 836 1813 plerisque
859 1737 971 1795 artibus
993 1738 1114 1798 minore

191 1845 279 1903 opera
302 1845 389 1902 quarn
413 1826 484 1885 aliae
507 1831 610 1901 gentes
633 1844 706 1901 opus
729 1827 844 1884 habent.
885 1825 962 1884 Nam
976 1827 1110 1902 primum

189 1916 387 1973 aedificiorum
396 1920 448 1974 aut
457 1920 603 1973 structura
611 1921 663 1973 aut
671 1914 791 1973 relectio
799 1915 865 1972 ideo
874 1920 934 1973 tam
944 1915 1110 1974 multorum

189 2005 337 2062 assiduam
365 2005 473 2080 ubique
502 2004 625 2079 requirit
652 2022 782 2079 operam,
812 2003 891 2079 quod
918 2022 994 2080 quae
1023 2010 1114 2080 pater

188 2093 354 2152 aedificavit
381 2095 467 2152 heres
497 2111 600 2168 partun
628 2093 705 2168 frugi
733 2093 874 2169 paulatim
898 2092 995 2151 delabi
1020 2093 1111 2152 sinit:

145 2195 171 2235 20
189 2182 230 2240 ita
245 2182 322 2258 quod
345 2183 464 2240 minimo
483 2182 560 2240 tueri
574 2182 677 2257 potuit,
692 2198 844 2240 successor
858 2181 922 2240 eius
936 2182 974 2240 de
988 2181 1113 2258 integro

189 2272 335 2346 impendio
362 2290 468 2346 magno
496 2270 611 2346 cogitur
633 2271 809 2345 instain²are3
841 2270 912 2346 quin
935 2271 1114 2347 frequenter

190 2361 278 2418 etiam
307 2378 382 2436 quae
411 2361 515 2418 domus
543 2359 592 2418 alii
619 2359 731 2434 ingenti
758 2366 877 2435 sumptu
905 2359 999 2432 stetit,
1031 2361 1113 2419 hano

188 2450 264 2507 alius
292 2449 413 2507 delicato
440 2450 536 2507 animo
564 2449 722 2507 coutemnit
744 2466 836 2524 eaque
858 2448 994 2523 neglecta
1017 2455 1112 2525 atque

188 2538 253 2596 ideo
277 2539 358 2597 brevi
381 2538 517 2613 conlapsa
533 2538 619 2596 aliam
633 2537 701 2595 alibi
715 2537 856 2613 impensis
870 2555 928 2596 non
942 2537 1112 2597 minoribus

145 2639 171 2680 aa
190 2627 323 2686 exstruit.
354 2629 393 2685 At
407 2628 485 2702 apud
495 2627 671 2702 Vtopienses
685 2626 853 2702 compositis
867 2627 956 2685 rebus
971 2627 1112 2686 omnibus

189 2722 219 2774 et
249 2716 406 2774 constituta
428 2734 459 2774 re
487 2716 603 2791 publica
631 2715 779 2773 rarissime
809 2715 928 2789 accidit,
958 2715 1004 2773 uti
1031 2733 1112 2774 nova

190 2805 374 2862 conlocandis
410 2805 530 2863 aedibus
567 2823 633 2862 area
669 2804 830 2879 deligatur,
867 2811 898 2862 et
928 2822 987 2862 non
1018 2804 1111 2863 modo

188 2894 350 2951 remedium
373 2893 505 2952 celeriter
527 2893 731 2969 praesentibus
755 2893 833 2952 vitiis
860 2893 1024 2967 adhibetur,
1053 2894 1109 2952 sed

189 2983 276 3040 etiam
305 2982 524 3041 imminentibus
554 2982 723 3040 occurritur.
773 2982 820 3040 Ita
846 2983 892 3056 fit,
923 2987 957 3039 ut
983 2981 1110 3040 minimo

144 3072 285 3130 solatore
324 3071 488 3130 diutissime
524 3072 685 3147 perdurent
721 3071 851 3129 aedificia
885 3061 922 3129 et¹
946 3071 977 3129 id
1009 3089 1109 3147 genus

190 3161 308 3236 opifices
331 3161 382 3218 111(
405 3161 531 3218 habeant
552 3160 700 3219 interdum
723 3160 801 3235 quod
824 3166 919 3235 agant,
945 3160 1003 3218 nisi
1026 3160 1106 3237 quod

189 3249 339 3308 materiam
369 3250 466 3308 dolare
497 3249 575 3307 domi
605 3255 634 3308 et
663 3249 775 3324 lapides
809 3249 926 3307 interim
961 3249 1109 3326 quadrare

189 3345 277 3414 atque
307 3343 406 3413 aptare
434 3339 582 3411 iubentur,
616 3356 685 3415 quo,
717 3338 742 3395 si
771 3339 849 3414 quod
879 3355 953 3414 opus
983 3338 1108 3412 accidat,

189 3427 331 3485 maturius
347 3427 440 3502 possit
454 3446 622 3502 exsurgere.
655 3428 717 3485 lam
733 3427 763 3484 in
778 3427 908 3486 vestibus
922 3427 1000 3501 vide,
1016 3445 1104 3504 quam

144 3528 170 3569 35
188 3516 273 3592 pauci
288 3516 385 3591 operis
400 3521 511 3591 egeant.
549 3517 680 3575 Primum
695 3516 766 3573 dum
779 3516 811 3574 in
824 3534 911 3593 opere
926 3523 1004 3591 sunt,
1026 3516 1106 3576 oorio
