<?xml version="1.0" encoding="UTF-8"?>
<!DOCTYPE html PUBLIC "-//W3C//DTD XHTML 1.0 Transitional//EN"
    "http://www.w3.org/TR/xhtml1/DTD/xhtml1-transitional.dtd">
<html xmlns="http://www.w3.org/1999/xhtml" xml:lang="en" lang="en">
 <head>
  <title>
</title>
<meta http-equiv="Content-Type" content="text/html;charset=utf-8" />
  <meta name='ocr-system' content='tesseract 3.04.00' />
  <meta name='ocr-capabilities' content='ocr_page ocr_carea ocr_par ocr_line ocrx_word'/>
</head>
<body>
  <div class='ocr_page' id='page_1' title='image "./utopia01moregoog_0150.png"; bbox 0 0 2512 4020; ppageno 0'>
   <div class='ocr_carea' id='block_1_1' title="bbox 505 310 743 370">
    <p class='ocr_par' dir='ltr' id='par_1_1' title="bbox 505 310 743 370">
     <span class='ocr_line' id='line_1_1' title="bbox 505 310 743 370; baseline 0.008 -16"><span class='ocrx_word' id='word_1_1' title='bbox 505 310 617 370; x_wconf 82' lang='lat' dir='ltr'>uoavs,</span> <span class='ocrx_word' id='word_1_2' title='bbox 632 314 743 356; x_wconf 79' lang='lat' dir='ltr'>vrorm.</span> 
     </span>
    </p>
   </div>
   <div class='ocr_carea' id='block_1_2' title="bbox 147 491 1115 3598">
    <p class='ocr_par' dir='ltr' id='par_1_2' title="bbox 147 491 1115 3598">
     <span class='ocr_line' id='line_1_2' title="bbox 191 491 1108 568; baseline 0.002 -18"><span class='ocrx_word' id='word_1_3' title='bbox 191 496 351 568; x_wconf 86' lang='lat' dir='ltr'>postremo,</span> <span class='ocrx_word' id='word_1_4' title='bbox 382 491 460 568; x_wconf 94' lang='lat' dir='ltr'>quod</span> <span class='ocrx_word' id='word_1_5' title='bbox 489 491 575 550; x_wconf 85' lang='lat' dir='ltr'>facile</span> <span class='ocrx_word' id='word_1_6' title='bbox 602 492 760 568; x_wconf 79' lang='lat' dir='ltr'>persuadet</span> <span class='ocrx_word' id='word_1_7' title='bbox 786 493 884 552; x_wconf 89' lang='lat' dir='ltr'>animo</span> <span class='ocrx_word' id='word_1_8' title='bbox 906 493 1035 552; x_wconf 78' lang='lat' dir='ltr'>libenter</span> <span class='ocrx_word' id='word_1_9' title='bbox 1058 493 1108 552; x_wconf 91' lang='lat' dir='ltr'>ad-</span> 
     </span>
     <span class='ocr_line' id='line_1_3' title="bbox 191 580 1110 658; baseline 0.002 -20"><span class='ocrx_word' id='word_1_10' title='bbox 191 580 330 639; x_wconf 85' lang='lat' dir='ltr'>sentienti</span> <span class='ocrx_word' id='word_1_11' title='bbox 353 580 465 657; x_wconf 87' lang='lat' dir='ltr'>religio,</span> <span class='ocrx_word' id='word_1_12' title='bbox 494 581 592 639; x_wconf 85' lang='lat' dir='ltr'>brevis</span> <span class='ocrx_word' id='word_1_13' title='bbox 619 587 650 640; x_wconf 90' lang='lat' dir='ltr'>et</span> <span class='ocrx_word' id='word_1_14' title='bbox 678 582 804 657; x_wconf 81' lang='lat' dir='ltr'>exiguae</span> <span class='ocrx_word' id='word_1_15' title='bbox 826 582 988 658; x_wconf 86' lang='lat' dir='ltr'>voluptatis</span> <span class='ocrx_word' id='word_1_16' title='bbox 1011 583 1110 642; x_wconf 85' lang='lat' dir='ltr'>vicem</span> 
     </span>
     <span class='ocr_line' id='line_1_4' title="bbox 189 670 1110 747; baseline 0.003 -20"><span class='ocrx_word' id='word_1_17' title='bbox 189 670 302 746; x_wconf 84' lang='lat' dir='ltr'>ingenti</span> <span class='ocrx_word' id='word_1_18' title='bbox 324 688 359 727; x_wconf 92' lang='lat' dir='ltr'>ac</span> <span class='ocrx_word' id='word_1_19' title='bbox 381 688 531 746; x_wconf 89' lang='lat' dir='ltr'>nunquam</span> <span class='ocrx_word' id='word_1_20' title='bbox 552 670 707 729; x_wconf 89' lang='lat' dir='ltr'>interituro</span> <span class='ocrx_word' id='word_1_21' title='bbox 730 670 838 747; x_wconf 90' lang='lat' dir='ltr'>gaudio</span> <span class='ocrx_word' id='word_1_22' title='bbox 860 671 997 747; x_wconf 88' lang='lat' dir='ltr'>rependit</span> <span class='ocrx_word' id='word_1_23' title='bbox 1017 671 1110 731; x_wconf 89' lang='lat' dir='ltr'>Deus.</span> 
     </span>
     <span class='ocr_line' id='line_1_5' title="bbox 191 759 1111 836; baseline 0.002 -20"><span class='ocrx_word' id='word_1_24' title='bbox 191 759 296 835; x_wconf 91' lang='lat' dir='ltr'>Itaque</span> <span class='ocrx_word' id='word_1_25' title='bbox 326 759 380 818; x_wconf 91' lang='lat' dir='ltr'>hoc</span> <span class='ocrx_word' id='word_1_26' title='bbox 407 764 493 835; x_wconf 89' lang='lat' dir='ltr'>pacto</span> <span class='ocrx_word' id='word_1_27' title='bbox 521 765 643 829; x_wconf 88' lang='lat' dir='ltr'>censent</span> <span class='ocrx_word' id='word_1_28' title='bbox 664 765 694 818; x_wconf 88' lang='lat' dir='ltr'>et</span> <span class='ocrx_word' id='word_1_29' title='bbox 715 777 845 819; x_wconf 86' lang='lat' dir='ltr'>excussa</span> <span class='ocrx_word' id='word_1_30' title='bbox 864 760 967 820; x_wconf 89' lang='lat' dir='ltr'>sedulo</span> <span class='ocrx_word' id='word_1_31' title='bbox 989 766 1020 819; x_wconf 87' lang='lat' dir='ltr'>et</span> <span class='ocrx_word' id='word_1_32' title='bbox 1044 779 1111 836; x_wconf 88' lang='lat' dir='ltr'>per-</span> 
     </span>
     <span class='ocr_line' id='line_1_6' title="bbox 159 848 1112 925; baseline 0.008 -24"><span class='ocrx_word' id='word_1_33' title='bbox 159 860 172 901; x_wconf 79' lang='grc'>1</span> <span class='ocrx_word' id='word_1_34' title='bbox 192 866 283 924; x_wconf 87' lang='lat' dir='ltr'>pensa</span> <span class='ocrx_word' id='word_1_35' title='bbox 306 866 337 907; x_wconf 93' lang='lat' dir='ltr'>re</span> <span class='ocrx_word' id='word_1_36' title='bbox 360 866 461 906; x_wconf 88' lang='lat' dir='ltr'>omnes</span> <span class='ocrx_word' id='word_1_37' title='bbox 479 848 609 906; x_wconf 83' lang='lat' dir='ltr'>actiones</span> <span class='ocrx_word' id='word_1_38' title='bbox 629 854 743 907; x_wconf 86' lang='lat' dir='ltr'>nostras</span> <span class='ocrx_word' id='word_1_39' title='bbox 765 855 854 925; x_wconf 89' lang='lat' dir='ltr'>atque</span> <span class='ocrx_word' id='word_1_40' title='bbox 871 849 903 907; x_wconf 92' lang='lat' dir='ltr'>in</span> <span class='ocrx_word' id='word_1_41' title='bbox 921 849 969 908; x_wconf 89' lang='lat' dir='ltr'>his</span> <span class='ocrx_word' id='word_1_42' title='bbox 984 849 1112 909; x_wconf 67' lang='lat' dir='ltr'>uirtutes</span> 
     </span>
     <span class='ocr_line' id='line_1_7' title="bbox 190 935 1112 1013; baseline 0.002 -18"><span class='ocrx_word' id='word_1_43' title='bbox 190 935 277 995; x_wconf 89' lang='lat' dir='ltr'>etiam</span> <span class='ocrx_word' id='word_1_44' title='bbox 314 937 394 1013; x_wconf 89' lang='lat' dir='ltr'>ipsas</span> <span class='ocrx_word' id='word_1_45' title='bbox 433 937 613 1012; x_wconf 86' lang='lat' dir='ltr'>voluptatem</span> <span class='ocrx_word' id='word_1_46' title='bbox 650 937 768 996; x_wconf 84' lang='lat' dir='ltr'>tandem</span> <span class='ocrx_word' id='word_1_47' title='bbox 799 938 882 996; x_wconf 80' lang='lat' dir='ltr'>velut</span> <span class='ocrx_word' id='word_1_48' title='bbox 917 938 1008 997; x_wconf 88' lang='lat' dir='ltr'>finem</span> <span class='ocrx_word' id='word_1_49' title='bbox 1047 940 1112 999; x_wconf 88' lang='grc'><strong>1111-</strong></span> 
     </span>
     <span class='ocr_line' id='line_1_8' title="bbox 191 1026 547 1103; baseline -0.003 -18"><span class='ocrx_word' id='word_1_50' title='bbox 191 1026 369 1103; x_wconf 89' lang='lat' dir='ltr'>citatemque</span> <span class='ocrx_word' id='word_1_51' title='bbox 392 1026 547 1102; x_wconf 83' lang='lat' dir='ltr'>respicere.</span> 
     </span>
     <span class='ocr_line' id='line_1_9' title="bbox 258 1115 1113 1192; baseline 0.007 -22"><span class='ocrx_word' id='word_1_52' title='bbox 258 1115 448 1191; x_wconf 82' lang='lat' dir='ltr'>Voluptatem</span> <span class='ocrx_word' id='word_1_53' title='bbox 484 1115 635 1192; x_wconf 90' lang='lat' dir='ltr'>appellant</span> <span class='ocrx_word' id='word_1_54' title='bbox 667 1133 783 1174; x_wconf 90' lang='lat' dir='ltr'>omnem</span> <span class='ocrx_word' id='word_1_55' title='bbox 819 1117 949 1192; x_wconf 85' lang='lat' dir='ltr'>corporis</span> <span class='ocrx_word' id='word_1_56' title='bbox 980 1116 1113 1177; x_wconf 80' lang='lat' dir='ltr'>animive</span> 
     </span>
     <span class='ocr_line' id='line_1_10' title="bbox 193 1199 1113 1281; baseline 0.004 -19"><span class='ocrx_word' id='word_1_57' title='bbox 193 1211 303 1262; x_wconf 90' lang='lat' dir='ltr'>motum</span> <span class='ocrx_word' id='word_1_58' title='bbox 318 1210 493 1281; x_wconf 85' lang='lat' dir='ltr'>statumque,</span> <span class='ocrx_word' id='word_1_59' title='bbox 517 1205 547 1262; x_wconf 93' lang='lat' dir='ltr'>in</span> <span class='ocrx_word' id='word_1_60' title='bbox 566 1223 624 1280; x_wconf 93' lang='lat' dir='ltr'>quo</span> <span class='ocrx_word' id='word_1_61' title='bbox 638 1205 749 1263; x_wconf 78' lang='lat' dir='ltr'>versari</span> <span class='ocrx_word' id='word_1_62' title='bbox 763 1212 867 1264; x_wconf 85' lang='lat' dir='ltr'>natura</span> <span class='ocrx_word' id='word_1_63' title='bbox 880 1205 957 1264; x_wconf 83' lang='grc'><strong>(1111</strong></span> <span class='ocrx_word' id='word_1_64' title='bbox 971 1199 1113 1266; x_wconf 84' lang='lat' dir='ltr'>delectet.</span> 
     </span>
     <span class='ocr_line' id='line_1_11' title="bbox 148 1293 1115 1369; baseline 0.009 -23"><span class='ocrx_word' id='word_1_65' title='bbox 148 1306 173 1352; x_wconf 83' lang='grc'>11</span> <span class='ocrx_word' id='word_1_66' title='bbox 192 1293 410 1369; x_wconf 88' lang='lat' dir='ltr'>Appetitionem</span> <span class='ocrx_word' id='word_1_67' title='bbox 438 1299 558 1352; x_wconf 88' lang='lat' dir='ltr'>naturae</span> <span class='ocrx_word' id='word_1_68' title='bbox 584 1312 643 1352; x_wconf 91' lang='lat' dir='ltr'>non</span> <span class='ocrx_word' id='word_1_69' title='bbox 671 1299 781 1353; x_wconf 87' lang='lat' dir='ltr'>temere</span> <span class='ocrx_word' id='word_1_70' title='bbox 807 1294 928 1354; x_wconf 89' lang='lat' dir='ltr'>addunt.</span> <span class='ocrx_word' id='word_1_71' title='bbox 975 1293 1054 1354; x_wconf 91' lang='lat' dir='ltr'>Nam</span> <span class='ocrx_word' id='word_1_72' title='bbox 1079 1301 1115 1355; x_wconf 89' lang='lat' dir='ltr'>ut</span> 
     </span>
     <span class='ocr_line' id='line_1_12' title="bbox 191 1382 1115 1460; baseline 0.006 -23"><span class='ocrx_word' id='word_1_73' title='bbox 191 1382 334 1458; x_wconf 88' lang='lat' dir='ltr'>quidquid</span> <span class='ocrx_word' id='word_1_74' title='bbox 365 1388 467 1440; x_wconf 91' lang='lat' dir='ltr'>natura</span> <span class='ocrx_word' id='word_1_75' title='bbox 493 1382 656 1442; x_wconf 88' lang='lat' dir='ltr'>iucundum</span> <span class='ocrx_word' id='word_1_76' title='bbox 685 1389 739 1455; x_wconf 89' lang='lat' dir='ltr'>est,</span> <span class='ocrx_word' id='word_1_77' title='bbox 766 1382 805 1442; x_wconf 89' lang='lat' dir='ltr'>ad</span> <span class='ocrx_word' id='word_1_78' title='bbox 835 1383 912 1459; x_wconf 93' lang='lat' dir='ltr'>quod</span> <span class='ocrx_word' id='word_1_79' title='bbox 936 1401 1033 1460; x_wconf 88' lang='lat' dir='ltr'>neque</span> <span class='ocrx_word' id='word_1_80' title='bbox 1058 1403 1115 1460; x_wconf 89' lang='lat' dir='ltr'>per</span> 
     </span>
     <span class='ocr_line' id='line_1_13' title="bbox 191 1470 1114 1533; baseline 0.007 -6"><span class='ocrx_word' id='word_1_81' title='bbox 191 1470 326 1529; x_wconf 90' lang='lat' dir='ltr'>iniuriam</span> <span class='ocrx_word' id='word_1_82' title='bbox 354 1471 484 1530; x_wconf 87' lang='lat' dir='ltr'>tenditur</span> <span class='ocrx_word' id='word_1_83' title='bbox 511 1490 565 1531; x_wconf 89' lang='lat' dir='ltr'>nec</span> <span class='ocrx_word' id='word_1_84' title='bbox 594 1472 751 1531; x_wconf 90' lang='lat' dir='ltr'>iucundius</span> <span class='ocrx_word' id='word_1_85' title='bbox 778 1472 859 1531; x_wconf 89' lang='lat' dir='ltr'>aliud</span> <span class='ocrx_word' id='word_1_86' title='bbox 886 1472 1031 1532; x_wconf 90' lang='lat' dir='ltr'>amittitur</span> <span class='ocrx_word' id='word_1_87' title='bbox 1056 1492 1114 1533; x_wconf 90' lang='lat' dir='ltr'>nec</span> 
     </span>
     <span class='ocr_line' id='line_1_14' title="bbox 191 1560 1114 1640; baseline 0.004 -23"><span class='ocrx_word' id='word_1_88' title='bbox 191 1560 274 1617; x_wconf 87' lang='lat' dir='ltr'>labor</span> <span class='ocrx_word' id='word_1_89' title='bbox 303 1561 442 1634; x_wconf 75' lang='lat' dir='ltr'>succedit,</span> <span class='ocrx_word' id='word_1_90' title='bbox 472 1579 529 1619; x_wconf 88' lang='lat' dir='ltr'>non</span> <span class='ocrx_word' id='word_1_91' title='bbox 553 1579 658 1620; x_wconf 88' lang='lat' dir='ltr'>sensus</span> <span class='ocrx_word' id='word_1_92' title='bbox 681 1561 780 1634; x_wconf 89' lang='lat' dir='ltr'>modo,</span> <span class='ocrx_word' id='word_1_93' title='bbox 811 1561 862 1620; x_wconf 92' lang='lat' dir='ltr'>sed</span> <span class='ocrx_word' id='word_1_94' title='bbox 889 1567 970 1620; x_wconf 88' lang='lat' dir='ltr'>recta</span> <span class='ocrx_word' id='word_1_95' title='bbox 992 1580 1114 1640; x_wconf 91' lang='lat' dir='ltr'>quoque</span> 
     </span>
     <span class='ocr_line' id='line_1_15' title="bbox 191 1649 1114 1727; baseline 0.005 -22"><span class='ocrx_word' id='word_1_96' title='bbox 191 1649 264 1706; x_wconf 88' lang='lat' dir='ltr'>ratio</span> <span class='ocrx_word' id='word_1_97' title='bbox 294 1650 493 1726; x_wconf 79' lang='lat' dir='ltr'>persequitur,</span> <span class='ocrx_word' id='word_1_98' title='bbox 523 1650 564 1708; x_wconf 86' lang='lat' dir='ltr'>ita</span> <span class='ocrx_word' id='word_1_99' title='bbox 596 1668 671 1727; x_wconf 89' lang='lat' dir='ltr'>quae</span> <span class='ocrx_word' id='word_1_100' title='bbox 700 1656 816 1726; x_wconf 87' lang='lat' dir='ltr'>praeter</span> <span class='ocrx_word' id='word_1_101' title='bbox 847 1656 981 1709; x_wconf 89' lang='lat' dir='ltr'>naturam</span> <span class='ocrx_word' id='word_1_102' title='bbox 1010 1650 1114 1710; x_wconf 89' lang='lat' dir='ltr'>dulcia</span> 
     </span>
     <span class='ocr_line' id='line_1_16' title="bbox 148 1738 1113 1814; baseline 0.009 -24"><span class='ocrx_word' id='word_1_103' title='bbox 148 1751 174 1791; x_wconf 81' lang='grc'>11</span> <span class='ocrx_word' id='word_1_104' title='bbox 193 1738 247 1796; x_wconf 90' lang='lat' dir='ltr'>sibi</span> <span class='ocrx_word' id='word_1_105' title='bbox 271 1739 408 1797; x_wconf 82' lang='lat' dir='ltr'>mortales</span> <span class='ocrx_word' id='word_1_106' title='bbox 426 1739 585 1798; x_wconf 82' lang='lat' dir='ltr'>vanissima</span> <span class='ocrx_word' id='word_1_107' title='bbox 607 1738 819 1814; x_wconf 85' lang='lat' dir='ltr'>conspiratione</span> <span class='ocrx_word' id='word_1_108' title='bbox 841 1740 1021 1814; x_wconf 85' lang='lat' dir='ltr'>confingunt,</span> <span class='ocrx_word' id='word_1_109' title='bbox 1046 1745 1113 1799; x_wconf 87' lang='lat' dir='ltr'>tan-</span> 
     </span>
     <span class='ocr_line' id='line_1_17' title="bbox 193 1828 1113 1904; baseline 0.007 -22"><span class='ocrx_word' id='word_1_110' title='bbox 193 1845 281 1903; x_wconf 87' lang='lat' dir='ltr'>quam</span> <span class='ocrx_word' id='word_1_111' title='bbox 312 1828 341 1884; x_wconf 91' lang='lat' dir='ltr'>in</span> <span class='ocrx_word' id='word_1_112' title='bbox 369 1828 443 1903; x_wconf 89' lang='lat' dir='ltr'>ipsis</span> <span class='ocrx_word' id='word_1_113' title='bbox 474 1835 554 1887; x_wconf 89' lang='lat' dir='ltr'>esset</span> <span class='ocrx_word' id='word_1_114' title='bbox 581 1829 702 1904; x_wconf 88' lang='lat' dir='ltr'>perinde</span> <span class='ocrx_word' id='word_1_115' title='bbox 730 1846 779 1887; x_wconf 90' lang='lat' dir='ltr'>res</span> <span class='ocrx_word' id='word_1_116' title='bbox 806 1847 840 1886; x_wconf 88' lang='lat' dir='ltr'>ac</span> <span class='ocrx_word' id='word_1_117' title='bbox 863 1828 1000 1887; x_wconf 83' lang='lat' dir='ltr'>vocabula</span> <span class='ocrx_word' id='word_1_118' title='bbox 1029 1846 1113 1888; x_wconf 90' lang='lat' dir='ltr'>com-</span> 
     </span>
     <span class='ocr_line' id='line_1_18' title="bbox 192 1916 1112 1986; baseline 0.004 -13"><span class='ocrx_word' id='word_1_119' title='bbox 192 1921 320 1986; x_wconf 85' lang='lat' dir='ltr'>mutare,</span> <span class='ocrx_word' id='word_1_120' title='bbox 350 1935 384 1975; x_wconf 88' lang='lat' dir='ltr'>ea</span> <span class='ocrx_word' id='word_1_121' title='bbox 408 1916 504 1975; x_wconf 90' lang='lat' dir='ltr'>omnia</span> <span class='ocrx_word' id='word_1_122' title='bbox 528 1923 661 1976; x_wconf 87' lang='lat' dir='ltr'>statuunt</span> <span class='ocrx_word' id='word_1_123' title='bbox 687 1917 759 1976; x_wconf 90' lang='lat' dir='ltr'>adeo</span> <span class='ocrx_word' id='word_1_124' title='bbox 782 1918 855 1975; x_wconf 91' lang='lat' dir='ltr'>nihil</span> <span class='ocrx_word' id='word_1_125' title='bbox 878 1917 916 1976; x_wconf 90' lang='lat' dir='ltr'>ad</span> <span class='ocrx_word' id='word_1_126' title='bbox 938 1916 1112 1977; x_wconf 77' lang='lat' dir='ltr'>felicitatem</span> 
     </span>
     <span class='ocr_line' id='line_1_19' title="bbox 192 2005 1112 2083; baseline 0.003 -21"><span class='ocrx_word' id='word_1_127' title='bbox 192 2005 302 2079; x_wconf 87' lang='lat' dir='ltr'>facere,</span> <span class='ocrx_word' id='word_1_128' title='bbox 334 2013 368 2064; x_wconf 93' lang='lat' dir='ltr'>ut</span> <span class='ocrx_word' id='word_1_129' title='bbox 398 2006 559 2082; x_wconf 87' lang='lat' dir='ltr'>plurimum</span> <span class='ocrx_word' id='word_1_130' title='bbox 591 2007 722 2065; x_wconf 85' lang='lat' dir='ltr'>officiant</span> <span class='ocrx_word' id='word_1_131' title='bbox 754 2007 842 2066; x_wconf 90' lang='lat' dir='ltr'>etiam</span> <span class='ocrx_word' id='word_1_132' title='bbox 877 2007 924 2065; x_wconf 89' lang='lat' dir='ltr'>vel</span> <span class='ocrx_word' id='word_1_133' title='bbox 951 2024 998 2079; x_wconf 91' lang='lat' dir='ltr'>eo,</span> <span class='ocrx_word' id='word_1_134' title='bbox 1029 2008 1112 2083; x_wconf 89' lang='lat' dir='ltr'>quod</span> 
     </span>
     <span class='ocr_line' id='line_1_20' title="bbox 192 2094 1113 2170; baseline 0.004 -19"><span class='ocrx_word' id='word_1_135' title='bbox 192 2095 298 2170; x_wconf 88' lang='lat' dir='ltr'>quibus</span> <span class='ocrx_word' id='word_1_136' title='bbox 322 2094 411 2153; x_wconf 92' lang='lat' dir='ltr'>semel</span> <span class='ocrx_word' id='word_1_137' title='bbox 434 2095 613 2168; x_wconf 90' lang='lat' dir='ltr'>insederunt,</span> <span class='ocrx_word' id='word_1_138' title='bbox 636 2114 674 2153; x_wconf 91' lang='lat' dir='ltr'>ne</span> <span class='ocrx_word' id='word_1_139' title='bbox 695 2096 772 2154; x_wconf 83' lang='lat' dir='ltr'>veris</span> <span class='ocrx_word' id='word_1_140' title='bbox 786 2114 820 2154; x_wconf 87' lang='lat' dir='ltr'>ac</span> <span class='ocrx_word' id='word_1_141' title='bbox 833 2095 970 2170; x_wconf 84' lang='lat' dir='ltr'>genuinis</span> <span class='ocrx_word' id='word_1_142' title='bbox 983 2095 1113 2155; x_wconf 90' lang='lat' dir='ltr'>oblecta·</span> 
     </span>
     <span class='ocr_line' id='line_1_21' title="bbox 147 2184 1112 2260; baseline 0.006 -23"><span class='ocrx_word' id='word_1_143' title='bbox 147 2195 174 2236; x_wconf 73' lang='grc'>11</span> <span class='ocrx_word' id='word_1_144' title='bbox 192 2184 299 2241; x_wconf 89' lang='lat' dir='ltr'>mentis</span> <span class='ocrx_word' id='word_1_145' title='bbox 327 2202 452 2259; x_wconf 86' lang='lat' dir='ltr'>usquam</span> <span class='ocrx_word' id='word_1_146' title='bbox 474 2191 557 2243; x_wconf 76' lang='lat' dir='ltr'>vacet</span> <span class='ocrx_word' id='word_1_147' title='bbox 583 2185 679 2255; x_wconf 91' lang='lat' dir='ltr'>locus,</span> <span class='ocrx_word' id='word_1_148' title='bbox 707 2191 801 2243; x_wconf 91' lang='lat' dir='ltr'>totum</span> <span class='ocrx_word' id='word_1_149' title='bbox 829 2202 949 2260; x_wconf 88' lang='lat' dir='ltr'>prorsus</span> <span class='ocrx_word' id='word_1_150' title='bbox 976 2185 1112 2243; x_wconf 87' lang='lat' dir='ltr'>animum</span> 
     </span>
     <span class='ocr_line' id='line_1_22' title="bbox 192 2272 1110 2350; baseline 0.003 -21"><span class='ocrx_word' id='word_1_151' title='bbox 192 2272 265 2330; x_wconf 78' lang='lat' dir='ltr'>falsa</span> <span class='ocrx_word' id='word_1_152' title='bbox 295 2273 454 2348; x_wconf 87' lang='lat' dir='ltr'>voluptatis</span> <span class='ocrx_word' id='word_1_153' title='bbox 486 2273 621 2349; x_wconf 87' lang='lat' dir='ltr'>opinione</span> <span class='ocrx_word' id='word_1_154' title='bbox 653 2280 874 2350; x_wconf 86' lang='lat' dir='ltr'>praeoccupant.</span> <span class='ocrx_word' id='word_1_155' title='bbox 921 2273 997 2333; x_wconf 88' lang='lat' dir='ltr'>Sunt</span> <span class='ocrx_word' id='word_1_156' title='bbox 1029 2274 1110 2333; x_wconf 90' lang='lat' dir='ltr'>enim</span> 
     </span>
     <span class='ocr_line' id='line_1_23' title="bbox 193 2362 1112 2439; baseline 0.003 -21"><span class='ocrx_word' id='word_1_157' title='bbox 193 2379 333 2437; x_wconf 89' lang='lat' dir='ltr'>perquam</span> <span class='ocrx_word' id='word_1_158' title='bbox 356 2362 461 2435; x_wconf 87' lang='lat' dir='ltr'>multa,</span> <span class='ocrx_word' id='word_1_159' title='bbox 490 2381 578 2438; x_wconf 91' lang='lat' dir='ltr'>quac,</span> <span class='ocrx_word' id='word_1_160' title='bbox 601 2381 669 2421; x_wconf 91' lang='lat' dir='ltr'>cum</span> <span class='ocrx_word' id='word_1_161' title='bbox 693 2369 796 2439; x_wconf 87' lang='lat' dir='ltr'>suapte</span> <span class='ocrx_word' id='word_1_162' title='bbox 819 2370 924 2422; x_wconf 89' lang='lat' dir='ltr'>natura</span> <span class='ocrx_word' id='word_1_163' title='bbox 945 2362 1018 2421; x_wconf 90' lang='lat' dir='ltr'>nihil</span> <span class='ocrx_word' id='word_1_164' title='bbox 1041 2381 1112 2421; x_wconf 92' lang='lat' dir='ltr'>con·</span> 
     </span>
     <span class='ocr_line' id='line_1_24' title="bbox 150 2448 1110 2529; baseline 0.009 -27"><span class='ocrx_word' id='word_1_165' title='bbox 150 2461 221 2515; x_wconf 76' lang='grc'><strong>11111]</strong></span> <span class='ocrx_word' id='word_1_166' title='bbox 246 2448 380 2529; x_wconf 82' lang='grc'><strong>1111111111</strong></span> <span class='ocrx_word' id='word_1_167' title='bbox 402 2452 568 2525; x_wconf 67' lang='lat' dir='ltr'>suauitatis,</span> <span class='ocrx_word' id='word_1_168' title='bbox 598 2452 688 2509; x_wconf 90' lang='lat' dir='ltr'>immo</span> <span class='ocrx_word' id='word_1_169' title='bbox 718 2453 793 2510; x_wconf 91' lang='lat' dir='ltr'>bona</span> <span class='ocrx_word' id='word_1_170' title='bbox 815 2470 883 2527; x_wconf 87' lang='lat' dir='ltr'>pars</span> <span class='ocrx_word' id='word_1_171' title='bbox 906 2451 1110 2511; x_wconf 91' lang='lat' dir='ltr'>amaritudinis</span> 
     </span>
     <span class='ocr_line' id='line_1_25' title="bbox 192 2539 1110 2617; baseline 0.002 -20"><span class='ocrx_word' id='word_1_172' title='bbox 192 2539 279 2597; x_wconf 88' lang='lat' dir='ltr'>ctiam</span> <span class='ocrx_word' id='word_1_173' title='bbox 307 2540 481 2615; x_wconf 88' lang='lat' dir='ltr'>plurimum,</span> <span class='ocrx_word' id='word_1_174' title='bbox 512 2559 651 2616; x_wconf 86' lang='lat' dir='ltr'>perversa</span> <span class='ocrx_word' id='word_1_175' title='bbox 679 2547 742 2599; x_wconf 89' lang='lat' dir='ltr'>tum</span> <span class='ocrx_word' id='word_1_176' title='bbox 772 2541 968 2617; x_wconf 88' lang='lat' dir='ltr'>improbarum</span> <span class='ocrx_word' id='word_1_177' title='bbox 997 2541 1110 2616; x_wconf 90' lang='lat' dir='ltr'>cupidi-</span> 
     </span>
     <span class='ocr_line' id='line_1_26' title="bbox 148 2629 1110 2706; baseline 0.008 -25"><span class='ocrx_word' id='word_1_178' title='bbox 148 2641 174 2681; x_wconf 82' lang='lat'>25</span> <span class='ocrx_word' id='word_1_179' title='bbox 193 2633 286 2686; x_wconf 89' lang='lat' dir='ltr'>tatum</span> <span class='ocrx_word' id='word_1_180' title='bbox 310 2629 455 2688; x_wconf 87' lang='lat' dir='ltr'>inlecebra</span> <span class='ocrx_word' id='word_1_181' title='bbox 477 2648 536 2688; x_wconf 92' lang='lat' dir='ltr'>non</span> <span class='ocrx_word' id='word_1_182' title='bbox 557 2648 610 2706; x_wconf 90' lang='lat' dir='ltr'>pro</span> <span class='ocrx_word' id='word_1_183' title='bbox 632 2631 755 2688; x_wconf 90' lang='lat' dir='ltr'>summis</span> <span class='ocrx_word' id='word_1_184' title='bbox 776 2635 891 2689; x_wconf 88' lang='lat' dir='ltr'>tantum</span> <span class='ocrx_word' id='word_1_185' title='bbox 910 2630 1110 2705; x_wconf 80' lang='lat' dir='ltr'>voluptatibus</span> 
     </span>
     <span class='ocr_line' id='line_1_27' title="bbox 194 2718 1109 2796; baseline 0.001 -20"><span class='ocrx_word' id='word_1_186' title='bbox 194 2718 361 2791; x_wconf 82' lang='lat' dir='ltr'>habeantur,</span> <span class='ocrx_word' id='word_1_187' title='bbox 385 2737 489 2777; x_wconf 78' lang='lat' dir='ltr'>rerum</span> <span class='ocrx_word' id='word_1_188' title='bbox 512 2718 597 2777; x_wconf 90' lang='lat' dir='ltr'>etiam</span> <span class='ocrx_word' id='word_1_189' title='bbox 623 2719 698 2777; x_wconf 90' lang='lat' dir='ltr'>inter</span> <span class='ocrx_word' id='word_1_190' title='bbox 720 2720 892 2796; x_wconf 86' lang='lat' dir='ltr'>praecipuas</span> <span class='ocrx_word' id='word_1_191' title='bbox 912 2719 989 2778; x_wconf 86' lang='lat' dir='ltr'>vitae</span> <span class='ocrx_word' id='word_1_192' title='bbox 1006 2737 1109 2778; x_wconf 79' lang='lat' dir='ltr'>carisas</span> 
     </span>
     <span class='ocr_line' id='line_1_28' title="bbox 193 2807 1109 2884; baseline 0.002 -19"><span class='ocrx_word' id='word_1_193' title='bbox 193 2814 391 2866; x_wconf 88' lang='lat' dir='ltr'>numerentur.</span> <span class='ocrx_word' id='word_1_194' title='bbox 424 2807 459 2865; x_wconf 92' lang='lat' dir='ltr'>Iu</span> <span class='ocrx_word' id='word_1_195' title='bbox 482 2809 539 2866; x_wconf 89' lang='lat' dir='ltr'>hoo</span> <span class='ocrx_word' id='word_1_196' title='bbox 561 2808 740 2866; x_wconf 83' lang='lat' dir='ltr'>adulterinae</span> <span class='ocrx_word' id='word_1_197' title='bbox 760 2808 918 2884; x_wconf 81' lang='lat' dir='ltr'>voluptatis</span> <span class='ocrx_word' id='word_1_198' title='bbox 937 2826 1044 2882; x_wconf 88' lang='lat' dir='ltr'>genere</span> <span class='ocrx_word' id='word_1_199' title='bbox 1059 2826 1109 2867; x_wconf 92' lang='lat' dir='ltr'>eos</span> 
     </span>
     <span class='ocr_line' id='line_1_29' title="bbox 193 2896 1107 2975; baseline 0 -21"><span class='ocrx_word' id='word_1_200' title='bbox 193 2896 357 2964; x_wconf 84' lang='lat' dir='ltr'>conlocant,</span> <span class='ocrx_word' id='word_1_201' title='bbox 388 2915 461 2973; x_wconf 90' lang='lat' dir='ltr'>quos</span> <span class='ocrx_word' id='word_1_202' title='bbox 494 2903 561 2955; x_wconf 87' lang='lat' dir='ltr'>ante</span> <span class='ocrx_word' id='word_1_203' title='bbox 592 2898 765 2970; x_wconf 74' lang='lat' dir='ltr'>memoravi,</span> <span class='ocrx_word' id='word_1_204' title='bbox 798 2898 848 2975; x_wconf 92' lang='lat' dir='ltr'>qui</span> <span class='ocrx_word' id='word_1_205' title='bbox 877 2915 934 2974; x_wconf 92' lang='lat' dir='ltr'>quo</span> <span class='ocrx_word' id='word_1_206' title='bbox 958 2897 1107 2957; x_wconf 89' lang='lat' dir='ltr'>meliorem</span> 
     </span>
     <span class='ocr_line' id='line_1_30' title="bbox 194 2985 1109 3064; baseline 0.002 -22"><span class='ocrx_word' id='word_1_207' title='bbox 194 2991 291 3060; x_wconf 90' lang='lat' dir='ltr'>togam</span> <span class='ocrx_word' id='word_1_208' title='bbox 318 2986 438 3059; x_wconf 89' lang='lat' dir='ltr'>habent,</span> <span class='ocrx_word' id='word_1_209' title='bbox 469 3004 503 3044; x_wconf 90' lang='lat' dir='ltr'>eo</span> <span class='ocrx_word' id='word_1_210' title='bbox 533 2985 589 3044; x_wconf 90' lang='lat' dir='ltr'>sibi</span> <span class='ocrx_word' id='word_1_211' title='bbox 616 2986 754 3046; x_wconf 88' lang='lat' dir='ltr'>meliores</span> <span class='ocrx_word' id='word_1_212' title='bbox 783 2987 841 3063; x_wconf 90' lang='lat' dir='ltr'>ipsi</span> <span class='ocrx_word' id='word_1_213' title='bbox 869 2987 1022 3061; x_wconf 81' lang='lat' dir='ltr'>videntur3</span> <span class='ocrx_word' id='word_1_214' title='bbox 1053 3005 1109 3064; x_wconf 90' lang='lat' dir='ltr'>qua</span> 
     </span>
     <span class='ocr_line' id='line_1_31' title="bbox 148 3075 1108 3152; baseline 0.005 -24"><span class='ocrx_word' id='word_1_215' title='bbox 148 3087 175 3127; x_wconf 83' lang='lat' dir='ltr'>ao</span> <span class='ocrx_word' id='word_1_216' title='bbox 193 3093 252 3133; x_wconf 91' lang='lat' dir='ltr'>una</span> <span class='ocrx_word' id='word_1_217' title='bbox 274 3075 303 3132; x_wconf 89' lang='lat' dir='ltr'>in</span> <span class='ocrx_word' id='word_1_218' title='bbox 327 3093 359 3133; x_wconf 90' lang='lat' dir='ltr'>re</span> <span class='ocrx_word' id='word_1_219' title='bbox 382 3075 426 3133; x_wconf 87' lang='lat' dir='ltr'>bis</span> <span class='ocrx_word' id='word_1_220' title='bbox 450 3080 555 3134; x_wconf 83' lang='lat' dir='ltr'>emant.</span> <span class='ocrx_word' id='word_1_221' title='bbox 592 3075 696 3152; x_wconf 90' lang='lat' dir='ltr'>Neque</span> <span class='ocrx_word' id='word_1_222' title='bbox 719 3077 798 3135; x_wconf 91' lang='lat' dir='ltr'>enim</span> <span class='ocrx_word' id='word_1_223' title='bbox 821 3077 918 3134; x_wconf 92' lang='lat' dir='ltr'>minus</span> <span class='ocrx_word' id='word_1_224' title='bbox 941 3075 1009 3133; x_wconf 83' lang='lat' dir='ltr'>falsi</span> <span class='ocrx_word' id='word_1_225' title='bbox 1033 3082 1108 3148; x_wconf 87' lang='lat' dir='ltr'>sunt,</span> 
     </span>
     <span class='ocr_line' id='line_1_32' title="bbox 194 3164 1110 3242; baseline 0.001 -22"><span class='ocrx_word' id='word_1_226' title='bbox 194 3164 273 3240; x_wconf 91' lang='lat' dir='ltr'>quod</span> <span class='ocrx_word' id='word_1_227' title='bbox 287 3165 437 3223; x_wconf 87' lang='lat' dir='ltr'>meliorem</span> <span class='ocrx_word' id='word_1_228' title='bbox 452 3170 556 3241; x_wconf 89' lang='lat' dir='ltr'>putant</span> <span class='ocrx_word' id='word_1_229' title='bbox 568 3170 667 3239; x_wconf 89' lang='lat' dir='ltr'>togam</span> <span class='ocrx_word' id='word_1_230' title='bbox 681 3183 764 3223; x_wconf 91' lang='lat' dir='ltr'>suam</span> <span class='ocrx_word' id='word_1_231' title='bbox 780 3184 868 3242; x_wconf 90' lang='lat' dir='ltr'>quam</span> <span class='ocrx_word' id='word_1_232' title='bbox 883 3164 961 3241; x_wconf 92' lang='lat' dir='ltr'>quod</span> <span class='ocrx_word' id='word_1_233' title='bbox 977 3183 1017 3223; x_wconf 86' lang='lat' dir='ltr'>se.</span> <span class='ocrx_word' id='word_1_234' title='bbox 1051 3165 1110 3224; x_wconf 84' lang='lat' dir='ltr'>Cur</span> 
     </span>
     <span class='ocr_line' id='line_1_33' title="bbox 194 3253 1110 3329; baseline 0.002 -18"><span class='ocrx_word' id='word_1_235' title='bbox 194 3253 280 3320; x_wconf 83' lang='lat' dir='ltr'>enim,</span> <span class='ocrx_word' id='word_1_236' title='bbox 296 3253 322 3311; x_wconf 91' lang='lat' dir='ltr'>si</span> <span class='ocrx_word' id='word_1_237' title='bbox 336 3254 428 3312; x_wconf 80' lang='lat' dir='ltr'>vestis</span> <span class='ocrx_word' id='word_1_238' title='bbox 447 3273 534 3311; x_wconf 90' lang='lat' dir='ltr'>usum</span> <span class='ocrx_word' id='word_1_239' title='bbox 553 3258 679 3329; x_wconf 86' lang='lat' dir='ltr'>spectes,</span> <span class='ocrx_word' id='word_1_240' title='bbox 693 3254 834 3313; x_wconf 84' lang='lat' dir='ltr'>tenuioris</span> <span class='ocrx_word' id='word_1_241' title='bbox 848 3253 890 3311; x_wconf 86' lang='lat' dir='ltr'>fili</span> <span class='ocrx_word' id='word_1_242' title='bbox 905 3254 971 3312; x_wconf 88' lang='lat' dir='ltr'>lana</span> <span class='ocrx_word' id='word_1_243' title='bbox 981 3259 1110 3329; x_wconf 87' lang='lat' dir='ltr'>praestet</span> 
     </span>
     <span class='ocr_line' id='line_1_34' title="bbox 194 3342 1109 3419; baseline 0.002 -20"><span class='ocrx_word' id='word_1_244' title='bbox 194 3342 347 3400; x_wconf 80' lang='lat' dir='ltr'>crassiori?</span> <span class='ocrx_word' id='word_1_245' title='bbox 379 3345 419 3401; x_wconf 82' lang='lat' dir='ltr'>At</span> <span class='ocrx_word' id='word_1_246' title='bbox 441 3343 486 3401; x_wconf 92' lang='lat' dir='ltr'>illi</span> <span class='ocrx_word' id='word_1_247' title='bbox 509 3348 614 3415; x_wconf 86' lang='lat' dir='ltr'>tamen,</span> <span class='ocrx_word' id='word_1_248' title='bbox 638 3348 777 3419; x_wconf 89' lang='lat' dir='ltr'>tanquam</span> <span class='ocrx_word' id='word_1_249' title='bbox 800 3348 912 3414; x_wconf 83' lang='grc'><strong>1111111,</strong></span> <span class='ocrx_word' id='word_1_250' title='bbox 934 3361 993 3400; x_wconf 88' lang='grc'><strong>1111</strong></span> <span class='ocrx_word' id='word_1_251' title='bbox 1013 3361 1109 3402; x_wconf 87' lang='lat' dir='ltr'>errore</span> 
     </span>
     <span class='ocr_line' id='line_1_35' title="bbox 194 3431 1110 3508; baseline 0.001 -20"><span class='ocrx_word' id='word_1_252' title='bbox 194 3432 411 3506; x_wconf 82' lang='lat' dir='ltr'>praecellerent,</span> <span class='ocrx_word' id='word_1_253' title='bbox 435 3433 572 3490; x_wconf 88' lang='lat' dir='ltr'>attollunt</span> <span class='ocrx_word' id='word_1_254' title='bbox 590 3431 695 3491; x_wconf 86' lang='lat' dir='ltr'>cristas</span> <span class='ocrx_word' id='word_1_255' title='bbox 713 3437 743 3490; x_wconf 90' lang='lat' dir='ltr'>et</span> <span class='ocrx_word' id='word_1_256' title='bbox 756 3431 874 3490; x_wconf 90' lang='lat' dir='ltr'>sibimet</span> <span class='ocrx_word' id='word_1_257' title='bbox 892 3449 1009 3508; x_wconf 89' lang='lat' dir='ltr'>quoque</span> <span class='ocrx_word' id='word_1_258' title='bbox 1024 3431 1110 3508; x_wconf 88' lang='lat' dir='ltr'>pretii</span> 
     </span>
     <span class='ocr_line' id='line_1_36' title="bbox 149 3520 1111 3598; baseline 0.005 -24"><span class='ocrx_word' id='word_1_259' title='bbox 149 3533 176 3574; x_wconf 77' lang='lat' dir='ltr'>aa</span> <span class='ocrx_word' id='word_1_260' title='bbox 195 3521 317 3579; x_wconf 85' lang='lat' dir='ltr'>credunt.</span> <span class='ocrx_word' id='word_1_261' title='bbox 339 3521 407 3580; x_wconf 89' lang='lat' dir='ltr'>inde</span> <span class='ocrx_word' id='word_1_262' title='bbox 431 3521 577 3580; x_wconf 88' lang='lat' dir='ltr'>nonnihil</span> <span class='ocrx_word' id='word_1_263' title='bbox 594 3520 736 3581; x_wconf 86' lang='lat' dir='ltr'>accedere</span> <span class='ocrx_word' id='word_1_264' title='bbox 749 3537 843 3597; x_wconf 88' lang='lat' dir='ltr'>eoque</span> <span class='ocrx_word' id='word_1_265' title='bbox 856 3520 1005 3586; x_wconf 79' lang='lat' dir='ltr'>honorem,</span> <span class='ocrx_word' id='word_1_266' title='bbox 1022 3540 1111 3598; x_wconf 85' lang='lat' dir='ltr'>quern</span> 
     </span>
    </p>
   </div>
   <div class='ocr_carea' id='block_1_3' title="bbox 0 0 1261 4020">
    <p class='ocr_par' dir='ltr' id='par_1_3' title="bbox 0 0 1261 4020">
     <span class='ocr_line' id='line_1_37' title="bbox 0 0 1261 4020; baseline 0 0"><span class='ocrx_word' id='word_1_267' title='bbox 0 0 1261 4020; x_wconf 95' lang='lat' dir='ltr'> </span> 
     </span>
    </p>
   </div>
  </div>
 </body>
</html>
