2512 4020
528 296 721 350 ¹nnvuurrurve.
972 320 973 324 ,
1036 278 1108 338 LHI

144 473 178 523 tn
194 468 305 537 curabis,
324 473 355 522 ut
372 468 475 538 putabis
494 485 528 522 ex
546 484 597 522 usu
616 484 674 522 esse
692 484 759 521 meo.
789 468 911 522 Ceterum
930 468 1013 537 gestio
1032 469 1107 538 seire,

144 558 180 594 an
195 540 329 594 Tunstnllo
343 540 486 594 ostenderis
506 543 553 592 aut
571 539 663 593 saltem
683 541 752 608 quod
765 539 859 593 fecisse
873 543 936 608 puto
949 539 1107 608 depinxeris,

144 613 215 681 quod
234 611 313 665 malo:
338 627 398 665 nam
422 611 458 665 sic
481 611 505 664 ei
528 611 567 664 bis
586 610 708 680 placebit,
735 613 761 664 et
779 611 848 678 quod
866 613 892 664 te
910 612 1042 664 referente
1065 627 1108 664 res

144 683 281 753 apparebit
303 682 444 752 elegantior
466 699 544 751 quam
569 683 698 736 scribente
721 698 764 735 me
787 685 814 735 et
837 683 905 750 quod
928 698 990 735 eum
1007 680 1109 750 legendi

144 754 235 809 labore
253 754 389 808 levaveris.
425 753 500 807 Vale.

217 827 246 882 3.
265 825 313 894 Ep.
329 827 389 880 218.
417 825 543 878 Erasmus
562 841 595 878 an
614 824 711 877 Morus.
739 826 908 892 Antwerpen,
924 827 948 877 2.
960 824 1018 878 Olt.
1030 825 1108 878 1516.

144 899 186 952 De
205 897 290 950 insula
314 898 398 965 deque
416 897 508 950 ceteris
532 895 695 949 curabuntur
718 896 806 949 omnia
825 936 830 948 .
847 937 853 948 .
870 936 898 948 ..
920 894 1108 964 [Nachschrift]

144 969 242 1022 Petrus
265 968 389 1037 aegidius
417 967 493 1036 plene
521 969 547 1020 te
578 968 689 1020 deamat.
735 966 878 1020 Nobiscum
905 966 1009 1019 assidue
1036 966 1108 1019 vivit.

145 1040 214 1094 Mire
233 1040 296 1092 lacit
314 1043 374 1093 tuae
393 1039 503 1107 Vtopiae
523 1043 601 1106 teque
620 1036 695 1091 valde
714 1037 811 1091 salutat
829 1054 889 1091 oum
908 1037 960 1090 tuis
979 1037 1108 1090 omnibus.

218 1113 246 1165 4.
266 1111 390 1179 App8l'.
423 1109 513 1162 Morus
531 1126 564 1163 an
583 1109 717 1162 Erasmus.
750 1111 793 1162 31.
805 1108 862 1162 Okt.
874 1111 941 1162 1517
958 1108 1015 1176 (lies
1031 1110 1108 1176 1516,

144 1181 229 1236 Reiob
247 1181 272 1236 S.
285 1184 319 1246 7).
356 1181 538 1249 Nusquamam
558 1182 674 1233 nostram
697 1181 797 1248 gaudeo
816 1179 918 1249 probari
941 1196 999 1233 meo
1017 1179 1109 1232 Petro:

145 1254 169 1306 si
192 1252 288 1306 talibus
314 1251 427 1322 placeat,
453 1252 560 1320 incipiet
584 1251 687 1320 placere
713 1255 739 1304 et
764 1250 835 1304 mihi.
873 1250 954 1319 Cupio
973 1251 1048 1319 scire,
1075 1267 1109 1304 an

145 1323 296 1378 Tunstallus
312 1324 411 1393 probet,
431 1340 464 1376 an
480 1323 619 1391 BuslidiuS,
639 1339 672 1375 an
692 1321 862 1375 cancellarius
879 1323 996 1389 vester¹;
1016 1321 1110 1389 quibus

146 1399 177 1449 ut
191 1395 323 1464 probetur,
343 1411 423 1463 snpra
437 1397 527 1448 votum
542 1396 589 1462 est,
608 1394 756 1447 hominibus
770 1397 824 1446 tam
839 1393 966 1461 felicibus,
985 1395 1016 1445 ut
1028 1393 1055 1444 in
1068 1393 1110 1445 his

146 1467 226 1520 rebus
245 1466 353 1535 publicis
372 1466 427 1519 suis
446 1466 543 1534 primos
562 1467 659 1518 ducant
677 1465 788 1533 ordines,
810 1464 860 1517 nisi
878 1481 908 1518 eo
926 1463 1108 1532 propitientur,

147 1540 217 1607 quod
235 1537 261 1590 in
280 1537 324 1590 illa
341 1555 371 1591 re
389 1537 492 1606 publica
511 1540 600 1590 nostra
622 1536 658 1588 illi
681 1536 747 1589 tales
765 1536 828 1605 viri,
851 1535 944 1588 litteris
963 1552 993 1588 ac
1012 1535 1109 1587 virtute

146 1609 222 1678 tanti,
242 1609 372 1678 principes
391 1607 467 1678 plane
487 1610 576 1661 essent
593 1608 684 1677 futuri,
704 1625 765 1661 eum
779 1607 805 1659 in
824 1607 887 1674 suis,
907 1606 1109 1675 quanticumque

146 1681 200 1734 sint
232 1684 304 1743 (sunt
333 1697 397 1733 sane
428 1680 539 1749 magni),
568 1695 675 1748 magnos
702 1682 792 1731 tamen
823 1678 937 1732 habeant
969 1677 1110 1730 nebulones

39 1761 41 1782 '
146 1752 300 1806 auctoritate
319 1769 349 1806 ec
370 1751 484 1821 potentia
502 1767 591 1820 parce,
611 1753 641 1803 ut
658 1766 691 1803 ne
710 1751 793 1803 dicam
813 1751 972 1818 superiores:
998 1765 1060 1801 nam
1079 1764 1110 1801 eo

146 1840 201 1877 non
228 1823 305 1876 oredo
330 1823 430 1876 moveri
455 1822 520 1875 tales
547 1822 629 1891 viros,
665 1823 734 1890 quod
758 1821 794 1875 ibi
820 1837 872 1874 non
900 1822 989 1873 essent
1014 1818 1110 1872 multos

146 1894 262 1948 habituri
286 1894 401 1948 subditos
424 1910 455 1948 ao
478 1893 620 1962 subiectoS,
645 1894 772 1961 quomodo
795 1909 864 1945 nnnc
887 1908 962 1960 reges
986 1891 1109 1959 populum

148 1968 255 2034 vocent,
274 1966 323 2018 hoo
342 1970 382 2018 est
395 1965 455 2034 plus
469 1982 548 2034 quam
562 1981 665 2033 servos,
685 1981 746 2018 curn
760 1967 833 2017 tanto
847 1963 882 2016 sit
894 1961 1110 2015 hono1iiicentius

146 2038 278 2106 imperare
296 2036 396 2105 liberis,
421 2054 451 2090 ao
473 2036 549 2106 longe
572 2036 658 2089 absint
681 2038 734 2089 tam
758 2035 819 2088 boni
837 2034 885 2087 viri
905 2035 937 2087 ab
957 2051 987 2088 ea
1005 2033 1109 2101 invidia,

145 2111 179 2162 ut
197 2111 289 2176 optent
306 2108 374 2161 male
393 2124 451 2161 esse
469 2107 534 2176 aliis,
554 2124 614 2160 cum
633 2107 683 2161 sibi
701 2107 736 2160 sit
754 2107 828 2160 bene.
857 2105 938 2174 Spero
952 2104 1031 2173 igitur·
1044 2104 1109 2172 fore,

146 2182 178 2233 ut
200 2179 251 2233 iliis
275 2179 352 2232 etiam
376 2178 477 2248 placeat
500 2196 564 2247 opus
586 2183 719 2248 nostrum,
744 2180 813 2246 quod
835 2177 931 2230 mirum
955 2177 981 2228 in
1004 2176 1111 2233 modum

146 2250 237 2319 oupi03
265 2251 378 2318 quodsi
406 2250 561 2304 contrariam
589 2251 694 2318 penitus
722 2249 810 2302 infixit
837 2248 1031 2317 persuasionem
1059 2246 1111 2299 iilis

147 2323 272 2376 fortunae
291 2337 354 2374 suae
373 2321 492 2390 felicitas,
512 2321 576 2374 mihi
589 2322 691 2375 abunde
710 2320 848 2374 suffecerit
865 2323 926 2372 tuus
944 2319 1059 2372 calculus
1078 2319 1111 2370 ad

148 2393 274 2446 iudicium
294 2409 391 2446 meum.
699 2431 700 2435 ,

220 2466 248 2518 5.
258 2463 362 2532 Vtopia.
382 2465 428 2517 Ed.
439 2464 568 2533 princeps
587 2463 688 2518 Fol.3².
709 2464 738 2516 Ρ.
748 2461 959 2531 AegidiusanH.
967 2460 1109 2514 Buslidius
1138 2517 1139 2520 ,

146 2538 319 2603 Antwerpen,
341 2538 364 2588 1.
379 2536 445 2589 Nov.
462 2537 539 2589 1516.
567 2535 626 2604 Vgl.
642 2535 707 2588 oben
728 2551 752 2602 p.
763 2533 895 2587 XXXIX.

220 2608 248 2662 6.
265 2606 367 2674 Vtopia.
395 2606 442 2660 Ed.
458 2607 586 2675 princeps
615 2606 669 2660 Fol.
684 2606 731 2674 aja.
759 2605 794 2658 H.
809 2603 942 2657 Buslidius
960 2619 994 2656 an
1012 2602 1109 2655 Morus.

147 2677 280 2746 Mecheln,
300 2677 408 2746 (Novll
428 2679 504 2732 1516.

223 2751 249 2804 l.
270 2747 412 2818 Stapleton,
427 2748 490 2801 Tres
503 2748 623 2801 Thomae.
651 2748 713 2800 Vita
731 2747 855 2801 TbMori
873 2763 929 2814 cap.
945 2748 961 2799 5
977 2746 1011 2812 (p.
1023 2745 1057 2798 64
1071 2744 1110 2810 t).

147 2821 195 2875 Th.
214 2819 306 2874 Morus
331 2837 365 2874 an
391 2819 419 2874 O.
437 2817 553 2873 Timstall
580 2818 658 2882 (wohl
680 2818 748 2872 Nov.
769 2820 857 2883 1516).
893 2817 970 2871 Danlr
997 2816 1043 2867 fiir
1070 2814 1111 2867 die

147 2891 314 2946 freundliche
332 2891 484 2945 Aninahme
503 2892 549 2944 der
566 2889 669 2958 Utopia.

222 2964 249 3018 8.
270 2965 337 3031 App.
349 2963 409 3017 250.
428 2962 520 3016 Morus
529 2978 563 3014 an
572 2961 706 3015 Erasmus.
727 2963 795 3016 1517
807 2959 947 3030 (vielmehr
956 2959 1023 3012 Nov.
1034 2958 1111 3025 1516,

147 3034 233 3089 Reich
255 3034 282 3088 S.
298 3036 332 3100 7).
370 3034 402 3087 Ι).
417 3032 565 3087 Tonstellus
588 3032 687 3086 litteras
710 3049 795 3102 nuper
817 3033 850 3085 ad
872 3048 915 3084 me
934 3030 1004 3082 dedit
1022 3027 1113 3096 plenas

148 3108 271 3160 adfectus
290 3104 447 3174 amicissimi,
466 3105 540 3158 cuius
558 3104 682 3157 iudioimn
701 3107 752 3158 tam
773 3103 919 3169 candidum,
938 3104 993 3153 tam
1007 3099 1112 3153 lionori-

148 3179 230 3232 ficum
250 3177 282 3230 de
301 3174 451 3245 republica
469 3178 565 3244 nostra,
585 3175 738 3244 dispeream,
758 3176 867 3228 Erasme
886 3172 1043 3239 dulcissime,
1063 3170 1113 3223 nisi

149 3266 192 3304 me
216 3248 299 3316 magis
322 3247 478 3301 exhilaravit
500 3263 579 3316 quam
603 3245 732 3300 talentum
752 3247 874 3299 Atticum.
911 3246 1004 3312 Itaque
1027 3241 1113 3295 nescis

149 3337 232 3388 nuno,
252 3322 380 3388 quantum
399 3319 493 3388 gestio,
513 3322 640 3387 quantum
660 3318 742 3386 crevi,
762 3320 858 3386 quanto
877 3318 975 3369 memet
992 3314 1111 3367 altiorem

149 3408 219 3463 gero,
234 3390 272 3444 ita
283 3390 348 3443 mihi
361 3391 465 3444 assidue
475 3393 595 3443 versatur
604 3390 636 3443 ob
646 3389 732 3443 oculos
742 3391 897 3458 perpetuum
912 3387 975 3439 mihi
990 3383 1113 3438 destinari

221 3552 239 3608 1)
254 3551 381 3604 Silvagius,
