2512 4020
517 308 620 362 nonus,
644 308 754 350 urcem.
1074 290 1113 351 81

195 483 269 543 dum
299 490 421 544 naturae
451 491 563 544 secreta
593 491 774 559 scrutantur,
803 485 942 544 videntur
969 486 1025 544 sibi
1053 504 1113 544 non

197 574 296 632 solum
326 573 528 633 admirabilem
556 573 625 632 inde
654 575 787 650 voluptat
788 593 835 634 em
865 575 1031 651 percipere,
1064 575 1116 634 sed

196 663 278 739 apud
301 668 452 722 auctorem
475 681 591 739 quoque
614 663 677 722 eius
700 669 789 739 atque
813 663 947 739 opificem
971 681 1116 722 summam

195 750 414 826 amregrauam
422 769 511 828 quem
521 757 685 811 ceterorum
695 771 776 811 more
786 752 1117 812 artificumarbrtrantur

160 839 303 898 emundi
326 841 415 899 huius
431 841 585 900 visendam
603 841 768 899 machinam
781 841 938 918 lromini‚q
938 859 1005 900 uem
1021 842 1117 901 solum

195 933 296 988 tantae
314 929 358 989 rei
371 947 508 1005 capacem
523 930 602 1003 fecit
622 931 795 1006 exposuisse
814 864 1003 1006 spectandam
1022 948 1115 1007 eoque

197 1017 342 1077 cariorem
368 1019 477 1077 habere
503 1019 652 1076 curiosum
675 1037 710 1077 ac
733 1019 891 1077 sollicitum
918 1019 1116 1095 inspectorem

197 1107 355 1184 operisque
376 1107 424 1165 sui
441 1107 648 1166 admiratorem
667 1126 755 1184 quam
776 1126 852 1178 euru,
876 1107 928 1184 qui
943 1108 992 1166 vel
1007 1108 1116 1167 animal

196 1213 309 1272 expers
335 1196 445 1255 mentis
471 1202 587 1255 tantum
610 1215 644 1255 ac
667 1204 726 1254 tam
754 1196 886 1255 mirabile
914 1197 1115 1272 spectacultnn

148 1297 179 1339 ιο
197 1285 337 1361 stupidus
358 1285 557 1361 immotusque
583 1285 754 1360 neglexerit.
787 1285 994 1361 Vtopiensium
1016 1285 1116 1362 itaque

197 1373 358 1433 exercitata
384 1373 492 1432 litteris
514 1374 632 1449 ingenia
654 1375 728 1432 mire
751 1375 850 1433 valent
872 1375 909 1432 ad
932 1374 1116 1433 inventiones

99 1534 104 1545 ι
195 1462 314 1533 artium,
326 1481 403 1539 quae
411 1463 519 1522 faciant
531 1463 644 1539 aliquid
657 1463 696 1521 ad
709 1463 878 1522 commodae
887 1463 964 1521 vitae
978 1481 1116 1538 compen-

196 1550 255 1610 dia.
290 1550 351 1611 Sed
363 1551 438 1610 duas
446 1557 545 1610 tamen
556 1551 665 1610 debent
678 1552 776 1610 nobis:
791 1552 1072 1628 chalcographorum
1086 1560 1117 1611 et

196 1639 352 1699 faciendae
380 1641 511 1714 chartae,
541 1658 597 1699 nec
626 1641 698 1699 solis
725 1647 825 1700 tamen
852 1641 949 1714 nobie,
980 1641 1032 1699 sed
1061 1641 1115 1700 sibi

150 1740 180 1783 rs
198 1747 319 1805 quoque
340 1730 446 1788 bonam
470 1729 534 1788 eius
556 1735 680 1805 partem.
717 1729 793 1788 Nam
809 1748 877 1788 cum
892 1730 1117 1789 ostenderemus

197 1817 244 1876 eis
266 1817 350 1876 libris
372 1818 534 1877 chartaceis
556 1819 717 1894 impressas
739 1820 775 1876 ab
799 1818 875 1877 Aldo
897 1819 1011 1877 litteras
1032 1819 1117 1877 etde

197 1907 317 1966 chartae
338 1906 505 1969 ,faciendae
544 1907 668 1966 materia
702 1925 738 1966 ac
773 1908 886 1966 litteras
926 1907 1115 1983 imprimendi

196 1995 337 2054 facultate
352 1996 542 2072 loqueremur
559 1996 672 2072 aliquid
690 1996 784 2071 magis
798 2015 885 2072 quam
900 1996 1116 2071 explicaremus

199 2084 309 2161 (neque
336 2085 417 2144 enim
440 2085 596 2161 quisquam
619 2091 683 2144 erat
704 2090 847 2157 nostrum,
870 2085 922 2161 qni
943 2085 1115 2144 alterutram

146 2184 179 2227 20
196 2173 338 2249 calleret),
352 2173 412 2249 ipsi
425 2173 526 2232 statim
538 2173 708 2233 acutissime
723 2174 911 2232 coniecerunt
922 2192 984 2232 rem
995 2180 1033 2245 et,
1047 2192 1115 2232 cnm

146 2272 212 2328 [usu]
234 2267 303 2321 ante
312 2262 449 2338 pellibus,
459 2262 616 2321 corticibus
629 2281 665 2321 ac
673 2281 786 2338 papyro
795 2270 910 2321 tantum
925 2256 1114 2343 scriberent}

195 2351 257 2409 iam
279 2351 412 2410 chartam
434 2351 503 2410 ilico
524 2352 623 2410 facere
645 2358 677 2410 et
697 2351 810 2410 litteras
834 2351 1005 2427 imprimere
1021 2359 1116 2411 tenta-

196 2446 283 2515 runt3
307 2457 384 2516 quae
406 2458 475 2498 cum
497 2440 593 2515 primo
616 2458 674 2499 non
697 2440 769 2499 satis
788 2440 988 2516 procederent,
1011 2441 1116 2499 eadem

195 2528 318 2604 saepius
350 2529 530 2604 experiendo
562 2528 644 2588 brevi
675 2535 743 2587 sunt
775 2536 934 2605 utrumque
965 2531 1114 2589 cinsecuti

144 2630 176 2673 aa
194 2623 372 2694 tantumque
384 2618 555 2691 effecerunt,
578 2626 620 2689 nt,
644 2617 669 2676 si
684 2624 784 2676 essent
797 2618 921 2691 codices,
938 2616 1116 2678 Graecorum

196 2706 380 2782 exemplaria
407 2707 549 2764 librorum
579 2707 685 2765 deesse
712 2724 770 2765 non
797 2714 926 2782 [essent.
971 2710 1010 2765 At
1037 2726 1117 2766 nunc

195 2795 274 2855 nihil
295 2795 406 2854 habent
424 2795 561 2870 amplius
585 2814 674 2871 fluam
687 2814 706 2853 a
718 2814 767 2854 me
781 2806 1041 2854 ‹mmmemoratum
1055 2808 1116 2859 ests

194 2883 229 2942 id
250 2901 320 2943 vero
348 2884 428 2960 qnod
453 2884 562 2942 habent
590 2884 746 2959 impressis
773 2884 832 2943 iarn
859 2885 943 2942 libris
969 2884 1001 2943 in
1023 2885 1117 2943 multa

196 2972 448 3049 exemplariorum
456 2973 538 3031 milia
545 2991 754 3048 propagarere.
768 2972 910 3049 erisquis
920 2991 955 3031 so
963 2974 1116 3049 spectandi

146 3074 178 3117 eo
196 3062 294 3137 gratia
314 3061 437 3123 venerit.
464 3079 553 3138 quem
582 3061 708 3137 insignis
734 3062 833 3138 aliqua
854 3062 909 3120 dos
931 3062 1042 3137 ingenii
1064 3076 1117 3120 ant

195 3151 287 3226 longa
299 3151 533 3226 peregrinatione
554 3169 640 3209 usrrm
654 3151 814 3209 multannn
828 3150 957 3226 cognitio
970 3164 1116 3209 terr-anim

196 3239 393 3311 commendet,
414 3257 474 3315 qno
496 3239 616 3298 nomine
638 3248 740 3314 gratus
763 3240 819 3298 fuit
841 3252 943 3298 not-:ter
961 3241 1116 3316 appulsus.

197 3328 301 3404 pronis
322 3327 430 3386 animis
444 3327 607 3403 excipitur3
630 3328 741 3404 quippe
759 3328 886 3388 libenter
897 3328 1030 3387 andium
1045 3329 1116 3405 quid

197 3417 308 3493 ubique
333 3426 479 3475 terrarum
507 3428 635 3491 geranu.
681 3418 821 3476 eaerum
848 3418 1000 3476 mercandi
1023 3418 1116 3493 arrasia

151 3517 181 3559 ae
197 3523 257 3565 non
291 3505 453 3565 admodum
489 3506 661 3582 trementer
695 3506 863 3582 appellinrr.
920 3504 998 3578 Qun
1036 3507 1116 3566 enim

95 3600 101 3610 ’
207 3622 258 3666 ιιι
272 3624 485 3666 namneum.
500 3626 534 3665 n.
937 3608 955 3660 6
