2512 4020
148 290 210 348 114
504 308 609 364 uouvs,
633 308 744 349 vrorm.

189 485 269 543 illam
293 485 366 544 caeli
389 484 500 561 solique
522 485 692 561 parcitatem
717 503 804 544 nemo
825 485 942 544 omnino
957 486 1107 546 sensisset.

189 574 261 631 'lam
276 574 361 634 facile
374 574 471 632 victus
494 574 591 650 parari
604 581 713 650 posset,
737 574 795 632 nisi
809 575 892 633 beata
905 574 957 634 illa
971 576 1106 651 pecunia,

146 673 215 727 [mvn]
234 681 309 739 quae
330 681 412 740 prae·
433 660 437 742 l
458 663 535 722 clare
555 663 667 722 scilicet
687 663 806 722 inventa
826 670 879 736 est,
902 670 936 722 ut
955 664 1052 723 aditus
1068 665 1106 724 ad

189 752 302 810 victum
324 770 378 828 per
400 770 464 810 eam
480 758 652 827 patesceret,
676 752 738 810 sola
751 752 835 811 nobis
849 752 887 811 ad
900 753 1013 811 victum
1029 754 1105 813 tiam

158 841 404 900 sintercluderet.
442 840 577 900 Sentiunt
595 841 662 914 ista,
686 859 743 899 non
763 840 873 914 dubito,
893 841 982 900 etiam
998 841 1107 902 divites

189 947 244 988 nec
263 929 404 1004 ignorant,
427 936 535 1006 quanto
558 929 653 1005 potior
671 935 749 988 esset
764 929 816 988 illa
831 930 963 989 condicio
978 931 1059 990 nulla
1074 950 1106 990 re

188 1019 353 1078 necessaria
382 1037 480 1078 carere
515 1037 603 1094 quam
630 1019 732 1077 multis
758 1019 907 1077 abundare
939 1020 1105 1096 superfluis,

188 1114 249 1166 tam
280 1107 446 1166 numerosis
480 1107 555 1183 eripi
584 1107 670 1166 malis
709 1126 798 1184 quam
827 1108 942 1183 magnis
977 1109 1106 1168 obsideri

189 1196 309 1255 divitis.
345 1196 449 1273 Neque
472 1195 545 1254 mihi
569 1197 688 1273 quidem
702 1196 836 1256 dubitare
860 1197 948 1270 subit,
972 1198 1043 1274 quin
1056 1198 1106 1257 vel

146 1297 170 1337 ro
189 1286 235 1343 sui
267 1285 408 1362 cuiusque
440 1285 586 1344 commodi
618 1285 691 1343 ratio
721 1285 770 1344 vel
803 1285 912 1345 Christi
947 1286 1107 1345 servatoris

188 1373 358 1448 auctoritas,
395 1374 446 1450 qui
484 1392 581 1450 neque
617 1393 671 1451 pro
707 1380 789 1434 tanta
826 1375 969 1451 sapientia
1009 1375 1108 1452 potuit

188 1463 331 1538 ignorare,
360 1463 431 1540 quid
454 1463 597 1539 optimum
621 1468 708 1536 esset,
736 1481 832 1540 neque
859 1482 918 1540 qua
940 1469 1003 1523 erat
1025 1465 1106 1523 boni-

188 1557 247 1611 tate
269 1552 300 1610 id
324 1552 490 1625 consulere,
521 1553 600 1629 quod
627 1570 685 1611 non
712 1552 856 1628 optimum
884 1552 980 1625 sciret,
1010 1558 1106 1623 toturn

189 1642 289 1700 orbem
312 1641 397 1700 facile
419 1641 450 1699 in
473 1641 562 1700 huius
585 1641 626 1700 rei
650 1641 784 1717 publicae
806 1641 887 1716 leges
910 1641 968 1700 iam
991 1641 1106 1700 dudum

146 1742 170 1782 15
189 1730 342 1804 traxisset,
373 1730 430 1788 nisi
458 1748 515 1788 una
542 1736 657 1789 tantmn
684 1730 782 1802 belua,
813 1729 944 1788 omnium
966 1730 1107 1808 princeps

189 1836 353 1895 parensque
376 1818 513 1896 pestium,
538 1818 682 1895 superbia,
695 1819 907 1878 reluctaretur.
944 1819 1026 1878 Haec
1047 1839 1106 1879 non

190 1907 251 1966 suis
273 1908 434 1967 commodis
456 1909 688 1984 prosperitatem,
719 1907 773 1966 sed
795 1926 834 1967 ex
856 1908 961 1968 alienis
984 1909 1108 1968 metium

188 1996 389 2056 incommodis.
425 1997 508 2055 Haec
530 2015 568 2056 ne
591 1997 646 2056 dea
668 1996 787 2073 quidem
811 1997 874 2056 fieri
898 1997 986 2056 vellet
1014 1997 1107 2056 nullis

188 2086 299 2145 relictis
313 2086 439 2159 miseris,
463 2085 569 2162 quibus
588 2086 732 2162 imperare
746 2092 834 2162 atque
847 2086 989 2145 insultare
1003 2087 1106 2162 possit,

144 2187 171 2228 20
189 2193 312 2252 quorum
336 2175 464 2235 miseriis
482 2175 664 2251 praefulgeat
683 2174 778 2251 ipsius
791 2180 958 2251 comparata
971 2174 1106 2247 felicitas,

189 2283 312 2341 quorum
343 2264 405 2323 suis
433 2263 588 2340 explicatis
616 2263 721 2340 opibus
747 2269 836 2338 angat
858 2270 946 2340 atque
968 2263 1107 2323 incendat

187 2353 324 2429 inopiam.
369 2354 450 2412 Haec
473 2353 582 2412 Averni
610 2371 732 2429 serpens
759 2352 925 2411 mortalium
950 2371 1107 2429 pererrans

189 2448 320 2518 pectora,
357 2461 394 2501 ne
426 2442 576 2501 meliorem
608 2442 684 2501 vitae
716 2447 870 2517 capessant
899 2441 990 2514 viam,
1023 2441 1107 2500 velut

188 2549 303 2591 remora
326 2531 446 2590 retrahit
468 2549 502 2589 ac
515 2536 685 2590 remoratur.
723 2529 803 2603 Quae
822 2530 959 2606 quoniam
973 2531 1106 2606 pressius

144 2633 170 2673 25
189 2620 357 2679 hominibus
385 2620 476 2678 infixa
506 2627 564 2694 est,
595 2638 683 2696 quam
712 2624 746 2678 ut
775 2619 861 2678 facile
888 2619 981 2695 possit
1008 2619 1106 2691 evelli,

188 2710 265 2768 hanc
294 2710 337 2768 rei
367 2709 500 2785 publicae
529 2710 666 2782 formam,
698 2727 787 2785 quam
817 2708 952 2766 omnibus
982 2707 1107 2768 libenter

109 2800 111 2803 ’
189 2798 326 2882 optarim,
350 2798 558 2874 Vtopiensibus
582 2798 687 2857 saltem
710 2797 870 2872 contigisse
897 2797 1024 2872 gaudeo,
1055 2797 1105 2874 qui

189 2905 223 2946 ea
250 2887 327 2946 vitae
360 2894 429 2946 sunt
459 2887 593 2946 instituta
624 2886 729 2959 secuti,
761 2886 867 2962 quibus
897 2886 940 2945 rei
971 2885 1106 2963 publicae

188 2976 378 3035 fundamenta
412 2976 547 3036 iecerimt
576 2994 635 3035 non
667 2975 754 3035 modo
785 2974 968 3048 felicissime,
1000 2993 1106 3035 verum

144 3078 171 3117 30
190 3064 286 3136 etiam,
310 3071 451 3141 quantum
472 3066 600 3124 humana
612 3064 779 3141 praesagire
795 3064 960 3123 coniectura
974 3063 1106 3140 contigit,

189 3159 339 3212 aeternum
362 3154 509 3213 duratura.
541 3153 719 3230 Exstirpatis
733 3153 811 3212 enim
826 3151 985 3212 domicum
1000 3152 1106 3212 ceteris

189 3242 269 3302 vitiis
291 3243 457 3302 ambitionis
479 3248 509 3302 et
531 3243 690 3301 factionum
704 3241 852 3301 radicibus
865 3240 939 3299 nihil
953 3241 1107 3318 impendet

188 3331 324 3408 periculi,
356 3350 394 3390 ne
423 3331 582 3391 domestico
612 3330 734 3390 dissidio
763 3330 922 3404 laboretur,
952 3348 1029 3406 quae
1057 3348 1106 3390 res

189 3439 262 3487 una,
270 3421 429 3479 multarum
453 3421 569 3479 urbium
592 3420 709 3496 egregie
732 3419 861 3478 munitas
884 3436 954 3495 opes
970 3437 1106 3496 pessum·

144 3523 171 3563 as
189 3510 277 3569 dedit.
310 3513 350 3569 At
373 3510 453 3568 salva
476 3510 555 3568 domi
571 3509 725 3569 concordia
739 3513 769 3567 et
783 3507 949 3567 salubribus
962 3507 1107 3568 institutis
