2512 4020
143 286 185 347 40
502 305 605 360 nonve,
629 304 741 350 vrorm.

186 481 304 540 unicam
321 481 403 540 illam
417 500 484 541 esse
499 482 576 541 viam
591 483 628 540 ad
645 483 769 541 salutem
783 482 939 558 publicam,
964 482 990 541 si
1003 501 1102 542 rerum

186 571 332 630 indicatur
357 572 531 647 aequalitas,
562 589 637 648 quae
663 571 763 630 nescio
790 589 828 629 an
854 589 986 648 unquam
1008 573 1105 648 possit

187 660 344 733 observari,
368 660 419 718 ubi
434 679 487 720 sua
501 665 570 719 sunt
584 661 768 736 siugulomm
784 660 909 735 propria.
940 660 1018 718 Nam
1036 679 1105 720 cum

187 749 277 808 certis
300 749 395 808 titulis
418 749 543 827 quisque
566 755 707 826 quantum
730 754 828 825 potest
852 749 890 808 ad
904 767 938 808 se
952 750 1103 822 convertit,

155 850 169 891 5
187 843 423 915 quantacumque
445 839 534 897 luerit
553 856 653 897 rerum
675 838 767 914 copia,
789 855 855 896 eam
878 856 995 897 omnem
1018 840 1105 914 pauci

88 921 90 925 ’
187 927 265 985 inter
293 945 325 986 se
353 928 454 1003 partiti
476 927 597 1004 reliquis
619 927 790 1003 relinquunt
811 927 952 1003 inopiam,
982 927 1104 1004 fereque

187 1016 302 1089 accidit,
324 1021 358 1074 ut
380 1016 466 1075 alteri
489 1017 549 1075 sint
570 1016 729 1075 alterorum
744 1020 823 1074 sorte
837 1015 1012 1091 dignissimi,
1036 1035 1104 1075 cum

187 1105 231 1162 illi
259 1105 317 1163 sint
344 1123 479 1181 rapaces,
509 1105 634 1181 improbi
663 1112 751 1181 atque
779 1104 915 1178 1111111111,
945 1111 1047 1164 contra
1072 1106 1104 1164 hi

188 1193 312 1253 modesti
335 1194 391 1252 viri
420 1212 455 1253 ac
483 1194 636 1270 simplices
663 1200 692 1253 ct
719 1192 876 1252 cottidiana
902 1193 1048 1253 industria
1073 1195 1104 1252 in

144 1295 170 1336 ro
190 1283 340 1359 publicum
371 1302 460 1360 quam
491 1283 522 1340 in
552 1289 646 1341 semet
675 1282 869 1358 benigniores.
916 1282 1000 1342 Adeo
1032 1283 1105 1341 mihi

188 1377 267 1430 certe
290 1371 454 1447 persuadeo
476 1390 525 1431 res
547 1371 692 1448 aequabili
714 1389 749 1430 ac
770 1371 848 1430 iusta
870 1371 969 1448 aliqua
992 1371 1104 1431 ratione

189 1460 326 1519 distribui
353 1466 404 1520 1111
429 1461 557 1519 feliciter
584 1461 633 1536 agi
655 1479 724 1519 cum
745 1461 834 1519 rebus
856 1461 1024 1519 mortalium
1047 1461 1105 1519 nisi

190 1549 303 1608 sublata
325 1568 447 1626 prorsus
469 1550 647 1626 proprietate
673 1567 731 1608 non
753 1567 855 1626 posse,
888 1549 941 1608 sed
968 1556 1104 1609 manente

189 1638 241 1697 illa
263 1656 431 1698 mansuram
449 1657 565 1716 semper
578 1638 657 1715 apud
670 1639 763 1697 multo
779 1638 939 1697 maximam
952 1639 1104 1716 multoque

145 1739 171 1781 ro
190 1727 330 1803 optimam
358 1729 512 1786 hominum
538 1733 653 1804 partem
680 1727 819 1803 egestatis
847 1733 877 1786 et
898 1745 1105 1786 aerumnarum

188 1817 308 1875 anxiam
331 1822 419 1894 atque
441 1817 640 1877 inevitabilem
663 1817 822 1892 sarcinam;
847 1834 936 1892 quam
958 1822 992 1875 ut
1014 1817 1106 1876 fateor

188 1905 281 1964 levari
309 1906 524 1983 aliquantulum
550 1923 650 2006 posse,
681 1905 725 1964 sic
753 1905 817 1964 tolli
847 1906 934 2005 plane
963 1905 1105 1965 contendo

191 2013 247 2053 non
270 2012 366 2071 posse
398 1995 557 2071 Nempe
533 2013 559 2053 s1
578 2000 731 2068 statuamr,
754 2012 792 2052 ne
805 1994 872 2071 quis
887 2011 979 2070 snpra
992 2000 1105 2053 certum

189 2084 253 2159 agri
284 2085 404 2143 modum
439 2084 650 2160 possideatet
619 2083 722 2143 etuti
751 2083 791 2142 sit
818 2083 971 2158 legitimus
999 2084 1105 2160 cuique

145 2182 298 2231 1111111111
322 2173 472 2274 pecuniae,
496 2173 523 2231 si
542 2173 632 2233 fuerit
620 2173 770 2248 tlegibus
785 2171 963 2249 quibusdam
978 2177 1104 2245 cautum,

190 2267 223 2319 ut
246 2280 341 2338 neque
364 2263 403 2321 sit
425 2262 563 2338 princeps
585 2261 710 2319 nimium
732 2266 836 2338 potens
859 2277 955 2337 neque
978 2262 1105 2338 populus

146 2360 209 2416 [op]
232 2351 320 2408 nimis
337 2350 475 2420 insolens,
496 2348 499 2431 l
519 2357 584 2410 111111
606 2350 796 2426 magistratus
815 2368 853 2409 ne
871 2349 1038 2409 ambiantur
1050 2368 1104 2409 neu

191 2439 298 2496 dentur
320 2458 427 2498 venum
449 2446 500 2499 aut
523 2444 661 2516 sumptus
690 2440 723 2497 in
748 2439 810 2498 illis
832 2439 898 2498 fieri
922 2439 961 2497 sit
984 2457 1105 2498 necesse

191 2528 312 2605 (alioqui
344 2535 374 2587 et
400 2529 515 2588 occasio
549 2529 636 2588 datur
670 2546 724 2605 per
756 2528 892 2587 fraudem
925 2545 960 2586 ac
989 2529 1105 2605 rapinas

146 2617 363 2676 ‘resarciendae
390 2618 543 2693 pecuniae,
571 2622 601 2677 et
623 2618 657 2676 fit
679 2618 844 2676 necessitas
866 2617 910 2676 eis
932 2617 1105 2677 muneribus

191 2706 382 2782 praeficiendi
405 2707 521 2780 divites,
545 2725 620 2783 quae
635 2705 733 2782 potius
747 2707 864 2765 fuerant
877 2705 1107 2766 administranda

191 2795 411 2872 prudentibusl:
435 2796 552 2869 talibus,
571 2796 700 2872 inquam,
719 2796 845 2871 legibue,
860 2794 1106 2871 quemadmodum

191 2902 280 2959 aegra
292 2884 422 2944 assiduis
436 2886 532 2944 solent
547 2885 683 2943 fomentis
693 2884 790 2943 fulciri
805 2901 926 2960 corpora
939 2883 1106 2960 deploratae

192 2974 381 3046 valetudinis,
411 2974 452 3033 ita
479 2975 553 3032 haec
580 2971 696 3050 quoque
723 2974 800 3032 mala
826 2972 914 3032 leniri
941 2979 1051 3049 queant
1073 2991 1106 3032 ac

147 3074 174 3115 ao
192 3063 337 3139 mitigari3
367 3069 401 3122 ut
429 3068 569 3122 sanentur
590 3080 661 3121 vero
689 3067 778 3138 atque
800 3062 832 3120 in
854 3063 963 3120 bonum
986 3062 1107 3122 redeant

192 3152 333 3226 habitum,
357 3153 439 3212 nulla
461 3152 577 3210 omnino
601 3169 669 3227 spes
684 3158 738 3225 est,
762 3151 834 3209 dum
848 3168 902 3209 sua
915 3150 1024 3229 cuique
1040 3156 1107 3210 sunt

192 3241 318 3316 propria
352 3240 429 3314 Quin
452 3241 523 3298 dum
537 3241 625 3298 unius
639 3240 732 3315 partis
746 3258 834 3298 curae
848 3239 960 3314 studes,
983 3240 1106 3300 aliarum

192 3330 299 3389 vulnus
323 3330 562 3406 exasperaveris:
586 3329 627 3388 ita
649 3334 751 3387 mutuo
774 3329 905 3388 nascitur
924 3346 963 3388 ex
985 3329 1106 3389 alterius

191 3419 306 3478 medela
319 3420 439 3478 alterius
458 3420 586 3491 morbus
602 3418 718 3495 quando
733 3418 843 3476 nihil
820 3435 864 3477 src
879 3417 957 3479 adici
969 3417 1106 3551 adquam

146 3520 174 3561 11
192 3513 354 3584 potestut
376 3527 434 3567 non
456 3509 535 3567 idem
557 3508 703 3566 adimatur
725 3506 792 3565 alii)
