2512 4020
511 328 615 377 nonus,
639 329 750 368 vrorra.
1069 315 1109 373 57

197 504 351 563 dumtaxat
373 505 408 563 ab
432 505 511 563 omni
531 525 603 564 aevo
617 506 709 582 pestis
723 512 873 581 grassante
888 506 1007 566 sacritia
1020 509 1113 567 fertur

198 593 368 668 contigisse,
396 595 621 669 remigrantibus
644 613 660 654 e
683 596 794 654 colonia
817 597 931 654 civibus
954 597 1112 672 replentur.

197 682 299 740 Perire
321 683 399 741 enim
423 684 550 742 colonias
574 685 672 760 potius
695 686 846 760 patiuntur
864 703 953 761 qnam
967 686 1059 744 ullam
1074 705 1112 745 ex

196 771 339 830 insulanis
361 773 482 830 urbibus
504 773 647 831 imminui.

161 872 177 913 a
264 860 323 919 Sed
341 861 378 918 ad
398 862 562 920 comiatum
579 862 687 920 civium
701 868 839 921 revertor.
871 863 1111 939 Antiquissimus,

196 954 230 1007 ut
252 949 324 1028 dixi,
347 956 463 1026 praeest
485 951 626 1026 familiae3
651 951 777 1009 ministri
798 957 866 1010 sunt
880 970 986 1010 uxores
1000 953 1111 1011 maritis

196 1043 226 1096 et
255 1037 339 1096 liberi
368 1040 538 1115 parentibus
567 1046 656 1116 atque
683 1040 714 1097 in
742 1059 857 1098 summo
887 1041 1014 1099 minores
1042 1049 1111 1100 natu

141 1118 144 1123 ’
197 1127 361 1186 maioribus.
395 1128 504 1186 Civitas
528 1129 622 1187 omnis
646 1130 675 1187 in
699 1135 836 1204 quattuor
858 1131 994 1205 aequales
1013 1137 1111 1206 partes

196 1215 351 1292 dividitur3
375 1217 405 1274 in
420 1218 516 1275 medio
529 1219 672 1294 citiusque
696 1218 787 1293 partis
810 1219 906 1276 iorum
921 1224 967 1277 est
981 1220 1111 1277 omnium

147 1317 177 1358 10
197 1322 303 1363 rerum.
344 1306 387 1364 Eo
409 1307 440 1364 in
465 1312 559 1365 certas
583 1307 684 1365 domos
707 1325 795 1382 opera
817 1308 961 1384 cuiusque
984 1309 1111 1367 familiae

195 1395 408 1468 convehuntur,
432 1401 519 1472 atquc
538 1396 568 1453 in
584 1397 688 1455 horrea
703 1397 835 1470 singulae
850 1414 981 1454 seorsum
998 1398 1111 1473 species

195 1482 367 1542 distributae
391 1490 467 1542 sunt.
500 1486 546 1543 Ab
566 1485 612 1542 his
633 1485 756 1561 quilibet
769 1491 852 1560 pater
864 1485 990 1544 familias
1005 1486 1111 1562 quibus

195 1571 258 1647 ipse
286 1573 390 1648 suique
418 1591 492 1648 opus
520 1574 628 1632 habent
655 1574 784 1650 petitae
808 1575 870 1632 sine
893 1575 1024 1650 pecunia,
1049 1576 1111 1634 sine

195 1661 273 1718 omni
310 1680 431 1738 prorsus
467 1664 644 1721 hostimento
676 1663 818 1738 quidquid
858 1663 973 1739 petierit
1008 1665 1110 1724 ardent.

147 1762 176 1803 1a
196 1761 251 1815 [gu]
281 1749 376 1823 erare
400 1752 478 1810 enim
501 1758 625 1827 negetur
641 1747 644 1835 l
661 1753 826 1828 quicquam,
850 1771 918 1810 cum
937 1759 966 1811 et
980 1754 1110 1811 omnium

194 1857 292 1898 rerum
320 1840 435 1899 abunde
463 1841 533 1899 satis
564 1841 603 1899 sit
632 1859 685 1899 nee
714 1841 802 1899 timor
828 1841 907 1899 ullus
936 1842 1043 1913 subsit,
1072 1861 1110 1901 ne

195 1928 351 2004 quisquam
378 1930 446 2005 plus
475 1949 564 2006 quam
592 1931 630 1988 sit
657 1948 731 2006 opus
754 1931 885 2005 flagitare
908 1932 998 1989 velit?
1034 1931 1110 1989 Nam

195 2035 249 2075 eur
264 2035 445 2093 supervacua
459 2020 604 2094 petiturus
618 2024 738 2095 putetur
750 2019 784 2091 is,
809 2020 859 2096 qui
878 2024 991 2078 certum
1004 2020 1111 2078 habeat

195 2106 268 2163 nihil
298 2107 354 2165 sibi
385 2126 514 2183 unquam
547 2108 737 2166 defuturum?
782 2108 896 2184 Nempe
928 2109 1046 2166 avidum
1076 2128 1110 2168 ac

146 2207 175 2248 20
194 2213 328 2271 rapacem
356 2202 407 2255 aut
434 2197 522 2254 timor
544 2197 662 2255 carendi
684 2197 753 2255 iacit
775 2197 805 2254 in
829 2198 907 2254 omui
930 2198 1110 2256 animantum

193 2302 303 2358 genere
316 2291 368 2343 aut
381 2286 413 2343 in
429 2286 545 2344 homine
560 2287 621 2344 sola
635 2286 732 2344 reddit
746 2287 889 2361 superbia,
913 2305 987 2362 quae
1002 2287 1110 2361 gloriae

194 2373 250 2431 sibi
277 2374 359 2432 ducit
386 2375 533 2450 supertlua
560 2394 658 2433 rerum
682 2376 872 2433 ostentatione
895 2381 1007 2434 ceteros
1030 2382 1110 2434 antc-

194 2461 317 2520 cellere:
349 2465 426 2539 qnod
457 2464 521 2521 vitii
550 2482 644 2539 genus
673 2465 704 2521 in
731 2464 937 2540 Vtopiensium
966 2464 1109 2523 institutis

192 2551 309 2609 nullum
332 2553 449 2610 omnino
472 2552 569 2611 locum
590 2554 688 2612 habet,

145 2651 173 2693 aa
259 2640 406 2700 Adiuncta
420 2648 488 2700 sunt
501 2641 580 2719 loris
591 2660 666 2717 quae
680 2643 912 2716 commemoravi,
922 2643 984 2701 iora
993 2643 1108 2717 cibaria,

191 2729 223 2786 in
253 2747 327 2805 quac
354 2749 413 2788 non
441 2731 520 2788 olera
538 2731 633 2789 ‘modo
660 2732 832 2807 intactusque
860 2737 890 2790 et
918 2750 1008 2807 panes
1032 2750 1109 2790 com-

192 2823 352 2893 portantur,
377 2819 428 2878 sed
452 2821 549 2895 pisces
568 2826 718 2895 praetcrea
733 2838 894 2896 carnesque
908 2827 993 2879 extra
1007 2822 1109 2879 urbem

192 2907 264 2965 locis
293 2909 448 2984 appositis,
477 2909 528 2967 ubi
557 2910 794 2968 fluentotabum
820 2928 855 2967 ac
883 2910 983 2968 sordes
1010 2911 1109 2969 eluant

192 2996 320 3070 pecudes
357 2998 468 3056 occisas
505 2997 720 3075 depuratasque
757 2998 891 3056 manibus
924 2998 1108 3059 famulorum.

144 3095 173 3138 so
191 3083 268 3143 Nam
301 3105 396 3163 neque
425 3105 493 3145 suos
517 3087 596 3145 cives
620 3089 769 3163 patiuntur
796 3088 969 3146 adsuescere
998 3088 1108 3147 laniatu

191 3173 376 3248 animalium,
414 3176 498 3234 cuius
531 3194 588 3234 usu
625 3177 825 3249 clementiam,
863 3177 1108 3235 humanissimum

192 3268 311 3322 naturae
340 3270 456 3323 nostrae
482 3265 643 3338 adlectum,
672 3265 812 3341 paulatim
840 3266 973 3341 deperire
996 3272 1107 3342 putant,

191 3369 287 3428 neque
317 3353 467 3412 sordidum
497 3354 653 3431 quicquam
680 3360 768 3430 atque
795 3355 993 3427 immundum,
1024 3356 1108 3414 cuius

191 3442 380 3517 putretudine
409 3449 564 3520 corniptus
594 3461 644 3501 aer
672 3445 805 3502 morbum
832 3451 934 3519 posset
961 3444 1108 3517 invehere,

144 3540 173 3584 ab
190 3529 317 3606 perferri
337 3531 368 3591 in
390 3530 494 3591 'urbem
517 3531 623 3591 sinunt.
