2512 4020
505 362 609 419 uoavs,
633 361 744 404 vrorru.
1042 347 1103 406 105

192 539 287 617 tique;
311 539 404 599 altera
426 539 533 599 laboris
556 539 635 598 haud
657 540 756 599 minus
778 545 921 617 appetens
939 540 1105 617 coniugium

191 629 334 704 praefert,
363 634 397 688 ut
418 629 503 688 cuius
525 646 580 689 neo
602 634 796 705 aspernantur
819 628 959 688 solacium
983 635 1014 689 01
1031 648 1106 706 opus

191 723 312 777 naturae
334 716 442 777 debere
465 735 498 777 se
520 723 551 777 et
572 717 683 794 patriae
704 717 812 777 liberos
834 723 948 794 putant.
987 717 1105 778 Nullam

190 806 371 882 voluptatem
384 806 543 882 refugiunt,
551 824 627 883 quae
636 806 710 864 nihil
718 824 769 867 eos
777 807 814 866 ab
823 807 921 866 labore
930 807 1104 867 demoretur.

159 895 301 954 oOarnes
329 894 552 971 quadrupedum
575 895 622 955 vel
649 913 684 955 00
711 896 829 955 nomine
856 895 997 971 diligunt,
1027 897 1105 973 quod

190 984 241 1042 tali
274 983 337 1042 cibo
370 1001 402 1043 se
431 983 586 1044 validiores
617 984 655 1042 ad
684 1002 759 1061 opus
791 985 928 1061 quodque
959 991 1105 1045 censeant.

191 1072 254 1131 Hos
263 1072 401 1148 thpiani
423 1072 637 1149 prudentiores,
660 1078 691 1131 at
704 1072 771 1132 illos
785 1074 944 1133 sanctiores
959 1080 1104 1150 reputant.

191 1160 271 1234 Quos
293 1161 371 1238 quod
394 1161 569 1221 caelibatum
584 1162 750 1222 anteferunt
762 1162 944 1222 matrimonio
958 1181 1106 1239 asperam-

191 1267 248 1326 que
261 1250 351 1309 vitam
366 1250 498 1326 placidae
510 1255 698 1328 anteponunt,
719 1251 746 1310 si
758 1251 919 1310 rationibus
935 1251 1104 1325 niterentur,

147 1352 172 1392 ro
190 1338 365 1415 inriderent3
389 1357 467 1399 nunc
481 1357 559 1413 vero,
582 1358 650 1398 cum
669 1357 701 1400 se
714 1341 860 1400 fateantur
872 1340 1014 1416 religione
1028 1341 1104 1411 duci,

191 1427 357 1504 suspiciunt
378 1446 413 1488 ac
435 1434 614 1488 reverentur.
646 1427 727 1487 Nihil
748 1429 825 1488 euim
841 1429 993 1488 sollicitius
1008 1428 1105 1489 obserss

190 1522 272 1590 rant,
303 1535 389 1593 quarn
420 1535 458 1576 ne
488 1523 600 1577 temere
627 1517 784 1595 quicquam
812 1518 872 1577 ulla
900 1519 937 1578 de
965 1518 1105 1594 religione

189 1605 387 1682 pronuntient.
419 1606 516 1665 Huius
538 1605 617 1666 modi
632 1624 710 1682 ,ergo
725 1612 802 1682 sunt,
817 1625 891 1684 quos
905 1606 950 1666 illi
963 1607 1105 1684 peculiari

188 1694 304 1754 nomine
332 1712 385 1754 sua
411 1695 513 1772 lingua
534 1695 713 1755 Buthrescas
735 1702 852 1770 vocant,
880 1697 959 1773 quod
983 1697 1104 1756 verbum

145 1797 171 1837 ro
189 1783 293 1843 Latine
316 1783 467 1859 religiosos
490 1785 562 1844 licet
583 1785 775 1861 interpretari.

256 1872 430 1933 Sacerdotes
465 1874 574 1933 habeut
607 1873 715 1933 eximia
747 1874 900 1934 sanctitate
929 1892 1023 1951 eoque
1054 1875 1104 1934 ad-

187 1962 307 2020 modum
330 1980 448 2038 paucos.
484 1961 588 2038 Neque
610 1962 688 2022 enim
710 1962 778 2039 plus
802 1981 890 2040 quam
912 1962 1054 2022 tredecim
1073 1963 1104 2022 11

188 2050 313 2126 siugulis
336 2052 445 2110 habent
467 2051 589 2110 urbibus
611 2052 676 2128 pari
693 2052 872 2129 templorum
894 2070 1025 2126 numero,
1047 2053 1104 2112 nisi

188 2159 256 2199 cum
278 2140 339 2198 itur
360 2139 398 2199 ad
421 2140 540 2199 bellum.
579 2139 662 2200 Tunc
684 2140 762 2199 enim
782 2147 896 2217 septem
911 2140 1022 2200 exiliis
1036 2159 1104 2200 cum

143 2239 170 2280 20
188 2228 320 2288 exercitu
349 2229 488 2305 proiectis
518 2229 638 2288 totidem
672 2229 858 2288 sufficiuntur
886 2226 1018 2306 interim3
1052 2231 1104 2290 sed

189 2316 234 2374 illi
253 2317 371 2391 reversi,
396 2336 483 2376 suum
497 2319 623 2394 quisque
637 2318 734 2378 locum
747 2325 914 2396 recuperat,
938 2318 988 2395 qui
1003 2337 1105 2396 super-

189 2410 271 2479 sunt,
286 2405 344 2480 111,
372 2407 467 2483 quoad
494 2407 703 2467 decedentibus
726 2407 786 2467 illis
809 2407 910 2467 ordine
934 2408 1103 2482 succedunt,

189 2494 309 2554 comites
340 2495 451 2555 interea
479 2502 549 2556 sunt
575 2496 729 2573 pontificis.
774 2495 851 2556 Nam
878 2515 955 2555 uuus
982 2496 1104 2574 reliquis

188 2583 364 2659 praeficitur.
401 2584 594 2660 Ellguntura
615 2585 723 2662 populo
746 2585 835 2662 idque
858 2591 1022 2645 ceterorum
1046 2586 1104 2644 ritu

144 2684 170 2725 25
189 2672 413 2747 magistratuum
447 2674 570 2733 occultis
598 2675 636 2732 ad
669 2675 766 2734 studia
793 2675 911 2734 vitanda
940 2674 1103 2750 suffragiim

188 2761 273 2820 electi
296 2780 314 2820 a
336 2779 390 2821 suo
413 2762 536 2838 collegio
565 2769 780 2823 consecrantur.
826 2763 865 2822 Hi
887 2764 975 2823 rebus
997 2763 1104 2822 divinis

145 2861 214 2915 [mita]
233 2855 380 2926 praesunt,
392 2850 547 2926 religiones
560 2858 663 2912 curant
677 2871 713 2911 ac
726 2871 841 2912 morum
852 2853 941 2912 veluti
951 2871 1086 2912 censores
1098 2847 1101 2935 1

189 2943 272 3015 suut3
309 2958 474 3016 magnoque
504 2940 609 3017 pudori
643 2941 760 3001 ducitur
788 2942 824 3000 ab
859 2942 905 3001 his
938 2960 1103 3018 quenquam

188 3033 326 3104 tauquam
350 3029 427 3088 vitae
456 3048 561 3106 parum
586 3032 723 3107 probatae
750 3031 862 3090 accersi
890 3031 1103 3107 compellarive.

143 3127 170 3169 30
190 3116 327 3176 Ceterum
354 3123 389 3177 ut
415 3119 525 3177 hortari
548 3124 636 3195 atque
658 3119 813 3179 admonere
835 3119 953 3178 illorum
975 3125 1034 3193 est,
1063 3119 1103 3178 ita

189 3223 324 3265 coercere
346 3212 436 3283 atque
457 3207 488 3265 in
511 3208 689 3267 facinorosos
712 3208 942 3268 animadvertere
962 3207 1103 3284 principis

187 3301 275 3372 atque
306 3294 430 3354 aliorum
462 3302 508 3355 est
540 3297 779 3373 magistratuum,
811 3297 869 3356 nisi
901 3298 979 3374 quod
1011 3296 1102 3356 sacris

187 3384 367 3444 interdicunt
376 3402 450 3460 quos
463 3385 594 3462 improbe
606 3386 699 3446 malos
713 3387 901 3462 comperiunt.
931 3385 996 3446 1100
1008 3386 1103 3444 ullum

187 3473 248 3533 iere
277 3473 455 3550 supplicium
481 3480 540 3548 est,
568 3476 647 3551 quod
669 3476 806 3534 horreant
828 3475 930 3550 magis.
974 3475 1051 3534 Nam
1073 3483 1103 3533 et

143 3572 170 3614 ³b
189 3578 304 3622 summa
325 3563 528 3639 percelluntur
549 3563 669 3623 infamia
687 3570 718 3624 et
732 3564 844 3623 occulto
859 3563 1008 3640 religionis
1022 3571 1102 3623 metu
