2512 4020
187 297 227 357 98
544 313 647 365 nonve,
671 313 783 354 vrorrn.

229 483 391 552 certissime
413 491 576 550 iaculantur
599 509 656 549 non
679 491 795 567 pedites
816 491 911 565 modo,
935 491 988 550 ssd
1006 509 1046 550 ex
1060 494 1149 570 equis

229 581 333 655 etlam3
364 580 528 639 oommlnus
555 597 624 639 vero
652 598 710 638 non
737 571 848 655 gladii,'
872 580 926 639 sed
953 597 1074 640 seoures
1098 583 1148 641 vel

228 670 289 730 soie
321 670 425 729 letales
455 669 503 727 vel
532 668 674 745 pondere,
707 686 759 728 ssu
791 668 899 728 caesim
929 687 982 728 ssu
1012 671 1143 746 punctim

228 758 341 818 feriant.
396 757 547 822 liaohinas
589 757 757 832 exoogitant
795 750 1012 832 sollertissime,
1050 759 1142 817 ineas

197 847 448 908 oaoouratissime
478 846 586 920 selant,
618 864 655 905 ne
692 851 760 904 ante
792 846 936 922 proditae,
974 865 1058 924 quam
1092 866 1142 906 res

229 937 369 1014 postulet,
399 935 524 994 ludibrio
551 935 646 1010 magis
673 953 762 1012 quam
789 935 856 993 usul
880 935 956 1010 slnt;
984 936 1144 1012 inquibus

228 1025 405 1095 fabricandis
428 1025 484 1083 hoo
505 1025 536 1082 in
560 1025 663 1101 primis
686 1023 857 1100 respioiunt,
881 1024 925 1083 uti
939 1030 1027 1083 vectu
1043 1025 1146 1084 laolles

229 1120 259 1173 et
282 1114 393 1178 habiles
416 1115 596 1178 oiroumaotu
619 1113 645 1171 sl
665 1118 686 1178 t,

295 1203 388 1262 Initas
411 1221 479 1261 oum
497 1202 631 1261 hostibus
647 1202 776 1260 indutias
790 1207 851 1260 tam
866 1206 966 1260 sanote
981 1203 1148 1276 observant,

186 1305 212 1346 ro
230 1297 263 1351 nt
285 1310 322 1350 ne
344 1291 474 1350 laoesslti
497 1291 615 1368 quidem
631 1291 750 1356 violent.
786 1284 932 1349 Hostilem
954 1296 1065 1357 terram
1088 1309 1149 1350 non

230 1380 444 1458 depopulantur
453 1398 549 1457 neque
560 1385 677 1455 segetes
691 1385 833 1455 exurunt3
848 1380 937 1438 immo
947 1398 984 1438 ne
994 1380 1148 1446 hominum

219 1462 408 1547 equorumve
431 1469 557 1545 pedibus
579 1474 772 1542 mutarentur,
797 1473 939 1544 quantum
962 1469 1027 1527 fieri
1040 1474 1150 1545 potest,

229 1559 385 1636 provident
413 1558 468 1616 rati
495 1558 526 1616 in
553 1559 697 1634 ipsorum
712 1575 786 1616 usus
813 1575 952 1616 oresoere.
998 1557 1149 1617 inermem

230 1648 378 1706 neminem
401 1647 530 1720 laedunt,
561 1647 619 1705 nisi
641 1647 719 1705 idem
744 1646 909 1722 speculator
932 1645 978 1704 slt.
1024 1647 1151 1705 Deditas

187 1749 212 1790 m
230 1738 318 1795 urbes
341 1742 475 1809 tuentum
504 1741 535 1795 at
557 1754 611 1794 neo
633 1742 817 1812 expugnatas
840 1735 990 1812 diripiunt,
1019 1736 1071 1794 sed
1094 1755 1151 1812 per

230 1843 304 1903 quos
327 1824 437 1884 deditio
460 1830 505 1884 est
527 1817 678 1901 impedita
697 1843 748 1883 eos
771 1830 894 1883 eneennt
916 1824 1021 1883 esteris
1045 1824 1151 1884 deten-

231 1914 345 1973 soribus
383 1915 413 1972 in
446 1913 617 1975 servitutem
654 1913 787 1972 addistis.
842 1913 994 1972 imbellem
1030 1915 1150 1972 turbam

230 2021 346 2065 omnem
386 2003 556 2079 relinquunt
593 2003 740 2061 intactam.
793 2001 823 2060 si
846 2019 934 2078 ¹quos
971 2001 1152 2061 deditionem

232 2092 360 2150 suasisse
383 2092 587 2168 compererint,
611 2091 659 2149 his
672 2108 689 2149 e
702 2091 905 2155 damnatorum
923 2091 1006 2149 bonis
1019 2089 1150 2167 aliquam

186 2174 220 2235 ao*
231 2186 344 2258 partem
365 2180 551 2258 impartirmt3
575 2180 689 2257 reliqua
708 2180 837 2239 seotione
849 2180 1008 2238 armiliams
1022 2179 1149 2239 donant:

231 2288 296 2333 nam
312 2271 443 2346 ipsorum
459 2288 546 2328 nemo
556 2269 713 2348 quiequam
726 2269 763 2327 de
772 2269 880 2345 praeda
894 2268 984 2345 eupit.
1008 2267 1150 2328 [laterum

230 2360 362 2418 eorrieoto
372 2359 449 2418 bello
465 2377 523 2417 non
537 2358 639 2417 amicis
653 2358 810 2434 impensas,
825 2358 856 2415 lu
866 2375 940 2435 quos
954 2356 1149 2433 lnsumpsere,

232 2447 283 2507 sed
313 2448 398 2506 riotls
432 2448 580 2524 imputant
609 2447 791 2523 exiguntque
823 2465 858 2505 eo
890 2447 1009 2505 nomine
1040 2447 1150 2522 partim

231 2537 392 2613 pecuniam,
423 2555 510 2613 quam
534 2537 564 2594 in
588 2536 699 2595 similes
722 2535 866 2597 bellorum
890 2553 963 2594 usus
986 2541 1149 2609 reservant,

186 2639 213 2679 26
232 2626 338 2702 partim
368 2625 500 2702 praedia,
531 2644 605 2702 quae
636 2625 695 2683 siut
723 2624 797 2700 ipsis
825 2624 904 2700 apud
933 2641 984 2682 eos
1006 2629 1150 2701 perpetua

232 2732 289 2773 non
313 2715 413 2790 exigui
436 2733 553 2774 oeneus.

297 2803 475 2862 Huiusmodi
488 2804 601 2862 reditus
612 2821 689 2861 nuno
703 2796 781 2879 apud
795 2802 904 2865 multas
913 2808 1016 2876 gentes
1032 2802 1149 2876 habent,

156 2944 157 2947 ,
188 2903 252 2957 priua]
276 2893 326 2969 qui
347 2889 351 2970 l
372 2893 460 2950 variis
483 2911 521 2951 ex
545 2893 642 2951 oausis
670 2892 810 2968 paulatim
838 2890 897 2949 nati
926 2908 1014 2966 supra
1037 2890 1149 2967 septin-

231 2986 320 3056 genta
347 2981 517 3040 duoatormn
545 2982 626 3040 milia
653 2981 683 3039 in
712 2980 844 3056 singulos
866 2997 957 3038 armos
980 2997 1149 3053 exoravere,

186 3083 213 3123 so
232 3071 262 3127 in
286 3088 359 3146 quos
382 3088 399 3128 e
422 3071 484 3129 suis
512 3070 625 3148 oivibus
653 3069 767 3146 aliquos
794 3069 933 3127 emittunt
960 3073 1147 3145 quaestorum

232 3159 357 3231 nomine,
381 3160 431 3236 qui
454 3159 609 3234 magnifiee
623 3159 724 3217 vivant
739 3175 954 3235 personamque
977 3162 1145 3232 magnatum

231 3247 292 3305 illio
314 3266 384 3323 prae
408 3266 440 3309 se
463 3250 574 3323 lerant3
597 3254 628 3306 at
650 3248 777 3312 multum
799 3252 897 3306 tamen
912 3252 1056 3322 superest,
1069 3245 1145 3323 quod

231 3337 372 3395 inferatur
403 3337 526 3409 aeraria
560 3337 614 3395 nisi
648 3336 751 3394 malint
781 3335 877 3397 eidem
906 3336 987 3410 genti
1018 3335 1147 3407 eredere,

185 3466 187 3472 -
232 3425 310 3502 quod
334 3443 421 3501 saepe
448 3426 590 3501 tantisper
617 3425 741 3498 laniunt,
771 3425 867 3502 quoad
889 3424 933 3482 uti
956 3441 1079 3484 neeesse
1102 3424 1149 3484 sit.

187 3527 213 3569 et
232 3514 351 3591 Vixque
374 3514 479 3573 eooldit
501 3533 638 3591 unquam,
662 3520 695 3573 ut
717 3519 811 3575 totum
833 3517 995 3590 reposoant.
1031 3512 1080 3572 Ex
1102 3513 1151 3572 his
