2512 4020
506 299 612 354 nonus,
634 298 746 339 vrorm.
1063 280 1107 338 43

189 494 227 535 us
236 477 388 536 hortamur
396 476 626 553 Raphaelem‚ut
634 482 771 552 praestet,
780 476 858 552 quod
873 483 936 536 erat
949 474 1108 552 pollicitus,

189 565 221 624 Is
245 584 316 641 ergo
338 565 388 623 ubi
411 583 465 623 nos
479 565 553 623 vidit
574 565 703 624 intentos
725 571 813 641 atque
835 565 937 624 avidos
960 563 1108 636 audiendi,

190 673 259 713 curn
280 655 432 730 paulisper
445 654 552 712 tabidis
566 659 596 712 et
609 655 823 729 cogitabundus
836 654 1009 727 adsedisset,
1028 653 1109 711 hunc

188 743 222 802 in
244 744 365 802 modum
387 761 512 802 exorsus
536 748 590 802 est.

156 855 170 896 5
324 844 407 898 Primi
426 844 484 897 libri
503 844 573 898 finis,
647 844 772 913 Sequitur
789 845 927 898 secundus

264 1438 530 1498 RAPHAELIS
560 1436 841 1497 HYTHLODEI
871 1434 1027 1496 SERMO
1054 1486 1056 1490 ,

355 1546 398 1604 de
421 1545 554 1621 optimo
577 1545 630 1604 rei
652 1545 819 1621 publicae
843 1550 940 1602 statu

279 1671 342 1728 per
365 1653 529 1711 Thomam
551 1652 684 1711 Morum
706 1652 800 1710 liber
823 1651 1012 1710 secundus.

257 1796 464 1873 Vtopiensium
495 1797 592 1855 insula
628 1797 659 1854 in
690 1796 787 1854 media
819 1813 873 1854 sua
909 1799 992 1870 parte
1028 1794 1107 1869 (nam

144 1900 170 1940 ro
189 1887 247 1944 hac
269 1886 413 1944 latissima
436 1885 502 1963 esti
520 1886 601 1944 milia
627 1904 770 1961 passuum
797 1885 925 1942 ducenta
947 1883 1110 1960 porrigitur

189 1993 389 2051 magnumque
411 1994 466 2051 per
489 1975 602 2033 insulae
626 1975 754 2051 spatium
777 1992 835 2032 non
849 1974 942 2032 multo
956 1972 1109 2047 angustior

189 2065 265 2122 fines
293 2081 396 2122 versus
426 2064 567 2140 paulatim
594 2064 742 2140 utrimque
770 2067 916 2122 tenuatur.
961 2061 1002 2119 Hi
1024 2062 1107 2120 velut

190 2152 386 2211 circumducti
408 2153 518 2212 circino
542 2152 768 2229 quingentorum
790 2152 903 2210 ambitu
926 2150 1040 2208 milium
1063 2150 1109 2207 in-

191 2242 287 2300 sulam
316 2247 407 2300 totam
434 2243 465 2300 in
487 2243 574 2301 lunae
602 2242 731 2318 speciem
754 2240 936 2300 renascentis
960 2239 1106 2314 effigiant;

145 2331 276 2389 iconius
300 2349 409 2389 cornua
431 2332 539 2389 fretum
561 2331 733 2390 interfluens
749 2330 867 2388 milibus
881 2347 1023 2405 passuum
1037 2328 1109 2403 plus

191 2420 289 2478 minus
312 2420 449 2479 undecim
472 2420 584 2478 dirimit
606 2439 641 2478 ac
664 2438 717 2496 per
734 2421 839 2495 ingens
857 2419 944 2477 inane
965 2417 1106 2475 diffusum

191 2509 383 2568 circruniectu
405 2509 535 2586 undique
558 2516 653 2569 terrae
676 2508 831 2585 prohibitis
854 2507 949 2584 ventis
972 2507 1049 2565 vasti
1075 2506 1107 2562 in

190 2615 301 2656 morem
328 2600 410 2657 lacus
439 2606 577 2674 stagnans
600 2598 694 2673 magis
717 2617 805 2675 quam
829 2598 962 2656 saeviens
989 2613 1108 2654 omnem

190 2705 283 2763 prope
311 2687 375 2746 eius
402 2693 496 2746 terrae
523 2688 623 2746 alvum
650 2705 703 2763 pro
730 2693 818 2764 portu
845 2687 916 2745 facit
942 2702 1108 2760 magnoque

145 2789 172 2830 20
191 2776 343 2835 hominum
357 2795 414 2834 usu
427 2795 518 2836 naves
533 2796 648 2853 quaqua
658 2795 763 2835 versus
777 2775 957 2836 transmittit.
995 2774 1109 2832 Fauces

190 2865 260 2923 hinc
278 2866 370 2940 vadis,
392 2866 462 2925 inde
486 2866 567 2924 saxis
590 2866 802 2925 formidolosae.
841 2865 877 2922 In
897 2864 993 2923 medio
1014 2864 1109 2921 ferme

191 2954 349 3013 interstitio
377 2974 435 3012 una
462 2973 551 3031 rupes
580 2955 689 3014 eminet
716 2973 809 3031 eaque
832 2954 964 3026 innoxia,
992 2952 1040 3010 cui
1062 2951 1108 3009 in-

191 3043 376 3102 aedificatam
398 3044 503 3103 turrim
525 3044 671 3120 praesidio
693 3050 811 3120 tenent;
842 3049 957 3102 ceterae
979 3042 1109 3100 latentes

192 3138 223 3191 et
251 3133 417 3192 insidiosae.
464 3133 586 3192 Canales
617 3134 687 3192 solis
714 3133 789 3209 ipsis
816 3132 892 3208 noti;
923 3136 1012 3207 atque
1039 3130 1108 3188 ideo

146 3234 173 3276 25
191 3239 250 3280 non
279 3228 391 3281 temere
418 3223 538 3296 accidit,
568 3223 613 3281 uti
642 3228 764 3282 exterus
791 3222 948 3299 quisquam
974 3221 1053 3278 hunc
1075 3218 1107 3276 in

193 3311 290 3370 sinum
314 3311 370 3370 nisi
394 3311 537 3387 Vtopiano
561 3312 636 3370 duce
659 3318 806 3389 penetret,
834 3310 1032 3386 utinquam
1056 3308 1108 3366 vix

192 3400 267 3476 ipsis
299 3405 381 3459 tutus
412 3401 566 3475 ingressus
597 3407 643 3459 est
674 3401 733 3459 nisi
763 3399 855 3476 signis
887 3398 1063 3475 quibusdam
1090 3415 1109 3454 e

192 3489 277 3548 litore
308 3490 386 3547 riam
423 3490 600 3565 regentibus,
655 3490 710 3548 His
746 3490 778 3548 in
810 3490 926 3547 diversa
957 3487 1109 3546 translatis
