2512 4020
147 297 187 356 32
505 315 609 366 nonus,
632 314 745 356 urcem.

190 509 256 550 esse
293 492 443 550 molestiae
481 492 512 549 in
548 491 715 565 retinendo,
752 510 841 569 quam
877 493 908 550 in
940 493 1106 570 quaerendo

189 581 386 656 pertulerunt,
414 599 517 639 rernm
544 581 663 639 assidua
685 581 831 657 pullulare
856 581 969 640 semina
991 582 1040 640 vel
1062 582 1105 640 in-

190 676 289 728 ternae
312 669 477 729 rebellionis
496 670 543 728 vel
565 676 704 728 externae
726 670 904 729 incursionis
927 671 959 728 in
982 664 1105 744 deditos,

189 759 230 816 ita
253 777 369 834 semper
393 763 444 817 aut
465 777 518 834 pro
541 758 601 816 illis
624 764 675 816 aut
695 764 795 817 contra
808 759 1009 834 pugnandum,
1033 778 1106 818 nun-

158 861 278 924 aquam
302 848 366 906 dari
388 848 555 906 facultatem
578 847 745 906 dimittendi
769 849 926 922 exercitus,
954 848 1105 924 compilari

189 937 307 994 interim
338 954 382 1006 se,
407 937 505 995 efferri
527 938 604 994 foras
627 937 796 1012 pecuniam,
826 936 940 996 alienae
967 938 1105 1012 gloriolae

146 1037 217 1091 [aina]
238 1044 323 1084 suum
347 1026 475 1101 impendi
500 1025 681 1101 sangninem,
704 1043 808 1101 pacem
830 1023 832 1105 l
854 1026 944 1084 nihilo
967 1027 1102 1086 tutiorem

190 1115 281 1187 domi,
311 1121 463 1190 corruptos
491 1115 567 1173 bello
595 1132 699 1188 mores,
728 1115 891 1174 imbibitam
913 1115 1104 1174 latrocinandi

189 1203 347 1277 libidinem,
371 1203 571 1262 confirmatam
594 1203 732 1262 caedibus
755 1204 915 1277 audaciam,
939 1204 1022 1280 leges
1039 1223 1105 1264 esse

146 1305 170 1346 10
190 1292 382 1368 contemptui,
413 1292 492 1368 quod
521 1311 575 1351 rex
605 1292 635 1350 in
663 1293 789 1351 duorum
817 1311 917 1352 curam
947 1311 1105 1369 regnorum

189 1381 348 1440 distraetus
375 1381 472 1440 minus
500 1381 531 1439 in
557 1382 703 1440 utrumuis
730 1381 860 1440 animum
888 1387 989 1458 posset
1011 1382 1105 1442 inten-

189 1471 267 1543 dere,
290 1489 357 1529 cum
373 1470 506 1529 viderent
526 1470 636 1547 alioqui
658 1471 747 1529 tantis
769 1471 855 1529 malis
877 1471 992 1529 nullum
1015 1472 1104 1530 finem

189 1561 263 1633 fore,
295 1560 367 1618 inito
397 1560 516 1618 tandem
546 1559 668 1618 oonsilio
705 1560 769 1634 regi
805 1578 857 1618 suo
894 1560 1105 1620 humanissime

189 1650 322 1708 fecemnt
344 1649 491 1724 optionem
513 1649 658 1708 retinendi
680 1649 776 1706 utrius
798 1649 884 1724 regni
907 1649 1009 1723 vellet,
1038 1667 1103 1708 nam

145 1751 170 1791 15
189 1738 344 1814 utriusque
366 1756 425 1796 non
447 1739 510 1797 iore
532 1742 717 1814 potestatem,
748 1755 780 1796 sc
803 1737 906 1813 plures
928 1756 995 1797 esse
1018 1756 1106 1814 quam

189 1827 240 1904 qui
263 1847 279 1885 a
303 1827 452 1885 dimidiato
479 1827 594 1902 possint
622 1844 691 1902 rege
720 1827 891 1902 gubernari,
921 1845 990 1886 oum
1019 1844 1105 1886 nemo

190 1917 229 1975 sit
251 1917 378 1975 libenter
400 1916 582 1974 admissurus
605 1916 766 1975 mulionem
790 1916 847 1974 sibi
870 1934 937 1974 cum
956 1916 1013 1974 alio
1027 1935 1105 1975 com-

188 2023 326 2063 munem:
365 2005 407 2064 ita
437 2011 555 2066 coactus
585 2011 630 2064 est
660 2005 710 2063 ille
739 2006 833 2063 bonus
863 2005 1001 2081 princeps
1030 2023 1105 2064 novo

189 2112 279 2170 regno
303 2094 429 2170 cuipiam
452 2112 491 2152 ex
513 2093 615 2152 amicis
638 2094 748 2168 relicto,
771 2094 823 2170 qui
841 2093 923 2152 brevi
936 2093 1026 2152 etiam
1039 2100 1106 2170 post

145 2196 171 2236 ao
190 2184 302 2242 eiectus
340 2189 398 2252 est,
435 2183 554 2260 antiquo
586 2201 653 2242 esse
685 2182 865 2258 contentus);
897 2188 1048 2259 praeterea
1080 2182 1105 2242 si

190 2273 376 2332 ostenderem
404 2290 505 2331 omnes
529 2273 583 2330 hos
606 2278 727 2330 conatus
756 2271 908 2346 bellorum,
932 2272 1040 2348 quibus
1062 2276 1105 2331 tot

189 2362 321 2421 nationes
351 2362 415 2420 eius
445 2380 534 2421 causa
562 2361 822 2434 tumultuarentur,
855 2379 923 2419 oum
952 2361 1105 2420 thesauros

189 2451 252 2509 eius
281 2451 490 2510 exhausissent
516 2469 551 2509 ac
579 2450 794 2509 destruxissent
822 2450 978 2527 populum,
1008 2449 1105 2526 aliqua

189 2540 309 2599 tandem
330 2541 445 2599 fortuna
458 2541 566 2599 frustra
581 2557 715 2598 cessuros
729 2543 836 2611 tamem
859 2538 980 2614 proinde
994 2537 1104 2597 avitum

146 2642 171 2682 aa
189 2648 316 2705 regnum
346 2629 462 2703 coleret,
491 2634 613 2702 ornaret,
642 2633 784 2705 quantum
806 2632 914 2704 posset
943 2628 1106 2687 0111100101

191 2738 277 2795 quam
310 2719 565 2792 florentissimum,
595 2724 673 2776 amet
702 2734 771 2776 suos
800 2723 830 2776 01
856 2721 971 2776 ametur
993 2735 1011 2774 a
1033 2716 1103 2788 suis,

190 2826 258 2866 eum
287 2808 334 2866 his
364 2827 422 2866 una
449 2808 529 2866 vivat
557 2809 742 2884 imperatque
772 2805 902 2864 suaviter
930 2811 1020 2882 atque
1049 2805 1104 2864 aha

190 2915 280 2972 regna
299 2897 395 2956 valere
419 2897 502 2969 sinat,
527 2897 642 2974 qnando
665 2896 696 2954 id
710 2896 789 2972 quod
803 2912 881 2952 nunc
894 2894 921 2953 ei
934 2894 1104 2970 contigisset

191 2987 261 3045 satis
277 2986 408 3063 amplum
423 3004 569 3063 superque
583 2990 723 3044 esset—2
738 2985 814 3043 hano
827 2983 987 3043 orationem
996 2983 1104 3060 quibus

145 3088 172 3128 ao
190 3075 316 3149 auribus,
340 3076 382 3133 mi
395 3075 485 3149 More,
508 3081 595 3152 putas
618 3072 852 3150 excipiendam?
886 3073 1029 3132 ‘Proiecto
1047 3090 1103 3131 non

191 3165 276 3223 valde
299 3165 417 3241 pronis’,
445 3165 574 3241 inquam.
620 3164 790 3238 ‘Pergamus
813 3161 902 3237 ergo',
925 3161 1031 3238 inquit.
1063 3160 1103 3221 ‘Si

190 3254 363 3312 consiliariis
393 3272 461 3312 cum
487 3271 557 3328 rege
586 3253 724 3330 quopiam
750 3251 943 3310 necantibus
969 3259 1001 3310 01
1027 3268 1103 3310 com·

191 3343 424 3414 ministrantibus,
456 3343 562 3420 quibus
591 3341 707 3401 technis
738 3340 766 3400 ei
795 3344 903 3417 queant
932 3357 1104 3399 coacervare

190 3433 352 3507 thesaums,
361 3431 515 3491 dumunus
524 3430 732 3490 intendendam
740 3429 865 3489 consulit
873 3429 1103 3488 aestimationem

145 3535 172 3576 aa
191 3527 335 3596 monetae,
364 3539 431 3580 cum
453 3521 510 3598 ipsi
534 3521 572 3579 sit
593 3518 739 3595 eroganda
762 3518 895 3595 pecunia,
924 3517 1104 3578 deiciendam
