2512 4020
145 296 187 356 30
505 315 609 370 nonus,
632 313 744 355 vrorm.

189 491 221 549 in
241 491 325 550 ouius
344 492 411 550 aula
433 509 508 568 puer
522 509 588 550 sum
601 491 756 550 educatus:
780 491 864 550 ouius
880 492 935 550 viri
949 491 1106 550 memoriae

190 580 269 657 quod
291 587 325 640 tu
346 585 407 639 tam
429 581 563 657 impense
585 581 675 654 faves,
698 598 757 639 non
775 581 888 654 credas,
910 580 952 639 mi
966 581 1105 657 RaphaeI,

190 674 298 746 quanto
321 669 393 728 mihi
416 670 457 728 sis
477 670 600 728 effectus
614 670 670 728 hoo
683 669 801 729 nomine
816 670 918 744 carior,
942 687 1106 728 cumesses

189 758 298 835 alioqui
320 758 498 817 canssimus.
543 758 679 817 Ceterum
701 777 759 817 non
782 776 904 835 possum
926 758 1024 817 adhue
1046 759 1106 816 ullo

157 852 276 924 opaoto
315 866 411 906 meam
446 848 598 906 demutare
631 848 814 921 sententiam,
851 848 921 924 quin
952 853 982 906 te
1019 848 1106 923 plane

189 941 305 1013 putem,
336 936 361 995 si
390 936 520 994 animum
549 936 671 996 inducas
700 942 798 1008 tuum,
827 937 872 996 uti
901 954 939 996 ne
968 937 1005 994 ab
1032 935 1106 994 aulis

189 1025 356 1102 principum
391 1026 563 1099 abhorreas,
604 1026 635 1083 in
673 1025 824 1101 publicum
862 1043 949 1102 posse
982 1031 1012 1084 te
1048 1025 1107 1083 tuis

191 1114 321 1173 consiliis
343 1114 505 1191 plurimum
527 1115 596 1173 boni
618 1116 765 1190 conterre3
799 1133 889 1191 qnare
916 1114 991 1172 nihil
1013 1114 1106 1189 magis

190 1203 332 1262 incumbit
358 1208 423 1277 tuo,
450 1204 506 1262 hoo
529 1209 576 1263 est
598 1203 665 1262 boni
687 1203 755 1276 uiri,
785 1203 889 1262 officio.
934 1202 1105 1279 Siquidem

146 1303 173 1345 10
192 1310 260 1351 oum
282 1297 352 1351 tuus
366 1298 486 1351 censeat
499 1293 583 1352 Plato
596 1311 644 1351 res
658 1292 790 1368 publicas
803 1292 845 1351 ita
860 1292 979 1351 demum
992 1293 1107 1350 futuras

190 1398 257 1440 esse
275 1381 385 1453 ielioes,
409 1381 499 1440 siant
517 1388 642 1457 regnent
660 1381 827 1458 philosophi
842 1386 893 1440 aut
911 1399 999 1456 reges
1013 1381 1107 1456 philo·

191 1471 366 1546 sophentur:
391 1489 479 1547 quam
502 1471 605 1547 procul
627 1470 719 1529 aberit
740 1470 872 1541 felicitas,
897 1470 922 1529 si
942 1469 1106 1546 philosophi

190 1559 309 1634 regibus
339 1578 394 1618 neo
423 1559 581 1635 dignentur
612 1561 717 1618 saltem
750 1577 836 1617 suum
865 1558 1009 1635 impartiri
1039 1577 1106 1617 oon·

191 1647 319 1707 silium?

147 1749 173 1788 ιε’)
258 1737 333 1796 ‘Non
347 1738 433 1812 sunt',
455 1738 551 1815 inquit
563 1737 623 1810 ille,
641 1740 710 1796 ‘tam
724 1737 839 1812 ingrati,
854 1737 926 1814 quin
939 1736 968 1795 id
984 1737 1107 1796 libenter

191 1826 332 1900 facerent,
359 1827 448 1886 immo
476 1827 578 1885 multis
606 1816 688 1886 libris
716 1826 804 1885 editis
826 1828 885 1885 iam
907 1827 1054 1899 iecerunt,
1082 1825 1107 1884 si

191 1915 230 1988 hi,
253 1915 304 1991 qui
326 1933 426 1974 rerum
448 1916 608 1992 potiuntur,
631 1922 732 1974 essent
753 1916 846 1991 parati
869 1916 942 1974 bene
965 1915 1107 1974 consultis

191 2021 303 2079 parere.
350 2005 409 2064 Sed
436 2006 510 2064 bene
537 2004 617 2064 haud
644 2005 733 2063 dubie
761 2004 904 2080 praeridit
926 2005 1023 2076 Plato,
1052 2003 1105 2062 nisi

191 2110 278 2167 reges
301 2094 544 2170 philosophentur
566 2094 632 2170 ipsi,
655 2111 805 2170 nunquam
828 2095 968 2166 futurum,
991 2099 1026 2151 ut
1040 2111 1106 2169 per-

145 2193 173 2234 ao
192 2182 286 2240 versis
309 2183 493 2258 opinionibus
508 2203 526 2242 a
539 2183 639 2259 pueris
653 2181 758 2241 imbuti
771 2187 858 2259 atque
871 2182 973 2240 inleoti
988 2182 1106 2258 penitus

191 2270 458 2347 philosophantium
472 2272 659 2348 oomprobent
677 2271 805 2344 consilia,
819 2271 898 2348 quod
910 2272 975 2347 ipse
990 2288 1106 2348 quoque

192 2359 400 2435 experiebatur
421 2361 501 2437 apud
523 2361 706 2436 Dionysium.
742 2362 790 2419 An
812 2379 869 2419 uon
891 2378 939 2419 me
962 2366 1058 2436 putas,
1082 2360 1106 2418 si

191 2448 270 2525 apud
303 2450 433 2526 aliquem
469 2468 572 2526 regum
604 2451 721 2509 deoreta
753 2468 822 2508 sana
853 2467 1048 2526 proponerem
1078 2455 1107 2508 et

191 2537 354 2613 perniciosa
363 2540 508 2598 malorum
523 2539 635 2598 senuna
645 2539 816 2597 oonarerilli
827 2539 963 2611 evellere,
973 2539 1107 2614 protinus

145 2638 173 2679 25
191 2631 242 2685 aut
264 2627 429 2686 eiciendum
451 2634 503 2687 aut
523 2628 691 2687 habendum
713 2628 860 2687 ludibrio?

259 2716 323 2791 Age
345 2717 424 2792 finge
446 2735 495 2776 me
517 2717 597 2794 apud
623 2734 726 2792 regem
754 2735 821 2776 esse
845 2715 997 2775 Gallorum
1019 2723 1107 2794 atque

192 2804 222 2861 in
237 2804 301 2863 eius
316 2806 468 2865 considere
482 2806 611 2880 consiliu,
634 2806 705 2864 dum
720 2806 751 2863 in
765 2806 963 2865 secretissimo
978 2824 1106 2878 secessu,

192 2893 376 2968 praesidente
405 2914 477 2971 rege
506 2896 584 2972 ipso,
617 2895 647 2952 in
676 2913 782 2954 corona
811 2895 1107 2971 prudentissimorum

192 2982 343 3041 hominum
375 2985 489 3060 magnis
519 2984 616 3059 agitur
646 2984 762 3057 studiis,
795 2984 902 3060 quibus
931 2984 1044 3043 artibus
1073 3002 1108 3042 ao

146 3083 174 3123 30
192 3072 432 3132 machinamentis
446 3073 643 3132 Mediolanum
666 3073 790 3132 retineat
807 3091 841 3132 ao
856 3073 1012 3148 fugitivam
1026 3073 1108 3132 illam

193 3159 346 3236 Neapolim
369 3163 406 3220 ad
430 3181 463 3221 se
485 3163 623 3235 retrahat,
646 3167 747 3238 postea
769 3180 838 3221 vero
855 3167 968 3220 evertat
977 3162 1108 3221 Venetos

193 3250 1107 3324 aototamltaliamsubiciatsibi,deindeFlandroS,BrabanboS,

193 3343 283 3396 totam
306 3346 454 3415 postremo
469 3340 669 3415 Burgundiam
693 3358 762 3398 suae
780 3341 868 3399 faeiat
881 3340 1005 3399 dicionis
1019 3345 1107 3417 atque

193 3426 264 3486 alias
278 3434 429 3504 praeterea
447 3435 558 3505 gentes,
573 3447 697 3505 quarum
711 3448 835 3504 regnum
854 3430 914 3487 iam
928 3429 998 3488 olim
1011 3430 1107 3488 animo

146 3528 175 3570 aa
194 3516 309 3576 invasit.
341 3517 397 3577 Hio
420 3519 492 3576 dum
513 3518 588 3577 alins
612 3518 716 3577 suadet
729 3518 894 3577 feriendum
908 3536 977 3577 oum
984 3519 1109 3578 Venetis
