2512 4020
524 311 627 366 nonvs,
649 312 761 353 morra.
1079 297 1119 356 83

207 488 397 569 magistratus
407 490 561 548 hortantur
574 489 731 564 hominem,
742 490 977 567 quandoquidem
987 491 1121 550 omnibus

210 577 286 635 vita-e
309 577 418 636 muniis
435 578 540 654 impar,
562 578 629 636 aliis
645 578 786 637 molestus
800 597 835 638 ac
851 579 906 638 sibi
921 580 1019 655 gravis
1035 581 1121 639 m01ti

208 666 266 724 iam
289 684 360 724 suae
383 667 561 743 supervivat,
584 685 620 726 ne
643 685 743 726 secum
759 673 868 727 statuat
881 673 995 744 pestem
1009 669 1120 728 diutins

207 773 242 812 ac
264 755 344 814 luem
366 756 446 814 alere
468 774 549 830 neve,
573 774 640 814 cum
663 762 841 815 tormentum
855 757 883 815 ei
899 757 959 816 vita
978 757 1024 830 sit,
1047 758 1122 816 mori

172 844 334 918 adnudat,
365 845 437 921 quin
463 846 538 903 bona
566 863 618 921 spe
641 846 735 904 fratirs
758 847 862 904 acerba
884 846 936 904 illa
958 847 1018 905 vita
1040 847 1122 906 velut

208 950 326 993 carcere
354 940 441 1011 atque
467 935 569 992 aculeo
592 935 641 992 vel
668 935 734 1010 ipse
763 940 856 994 semet
882 935 993 994 eximat
1014 935 1063 994 vel
1084 937 1121 994 ab

208 1021 273 1080 aliis
297 1023 371 1099 eripi
394 1040 425 1081 se
449 1041 503 1081 sua
525 1023 675 1082 voluntate
698 1023 840 1100 patiatur3
868 1025 924 1082 hoc
937 1024 1030 1098 illum,
1053 1043 1121 1083 cum

208 1129 266 1169 uon
289 1112 448 1185 commoda,
476 1111 530 1171 sed
554 1112 732 1188 supplicium
754 1114 933 1189 abrupturus
957 1119 1050 1172 morte
1074 1114 1121 1188 sit,

208 1200 370 1275 prudenter
392 1201 546 1274 facturrun,
572 1201 709 1277 quoniam
732 1220 801 1260 vero
825 1201 1010 1261 sacerdotum
1032 1203 1063 1260 in
1087 1221 1122 1262 ea

161 1300 190 1340 10
208 1307 240 1347 re
264 1289 401 1363 consiliis,
428 1289 459 1347 id
482 1296 528 1348 est
550 1290 744 1366 interpretum
766 1291 830 1364 Dei,
859 1290 898 1349 sit
920 1292 1120 1365 obsecuturus,

209 1379 298 1436 etiam
330 1379 378 1454 pie
409 1383 568 1456 sancteque
597 1380 751 1438 facturum.
803 1380 884 1439 Haec
915 1379 1023 1456 quibus
1055 1399 1121 1456 per-

209 1468 355 1526 suaserint
381 1474 432 1526 aut
459 1467 558 1527 inedia
585 1474 688 1545 sponte
710 1468 800 1527 vitam
828 1468 934 1527 finiunt
960 1474 1011 1527 aut
1033 1469 1122 1545 sopiti

208 1556 272 1614 sine
295 1557 398 1615 mortis
422 1575 511 1615 sensu
534 1557 695 1616 solvuntur.
731 1557 859 1616 Invitum
880 1576 950 1616 vero
974 1558 1121 1617 neminem

208 1645 315 1703 tollunt
344 1664 399 1704 neo
428 1646 518 1704 officii
548 1665 618 1722 erga
646 1665 714 1705 eum
744 1646 903 1722 quicquam
933 1646 1121 1706 imminuunt.

162 1746 189 1785 15
208 1734 369 1793 Persuasus
392 1736 448 1794 hoo
471 1741 555 1811 pacto
577 1735 699 1810 defungi
718 1735 923 1810 honorificum3
947 1736 1056 1812 alioqui
1070 1735 1122 1812 qui

207 1830 331 1882 mortem
355 1824 410 1882 sibi
424 1825 600 1884 consciverit
616 1843 705 1884 eausa
718 1843 776 1882 non
787 1825 907 1900 probata
921 1825 1121 1883 sacerdotibus

208 1918 239 1970 et
261 1913 388 1987 senatui,
416 1914 496 1971 hunc
519 1932 613 1990 neque
636 1920 716 1972 terra
737 1931 833 1990 neque
856 1913 925 1988 igne
948 1913 1119 1990 dignantur3

208 2001 259 2059 sed
282 2001 314 2058 in
337 2002 474 2078 paludem
497 2003 625 2078 aliquam
648 2003 776 2079 turpiter
797 2002 964 2077 insepultus
987 2002 1119 2061 abicitur.

274 2090 395 2149 Femina
422 2109 480 2149 non
507 2096 575 2150 ante
602 2110 710 2150 annum
738 2090 1006 2150 duodevicesimum
1028 2091 1120 2164 nubit,

157 2191 189 2230 20
208 2197 271 2237 mas
294 2198 351 2237 non
374 2180 432 2237 nisi
455 2180 582 2256 expletis
604 2185 742 2257 quattuor
765 2179 853 2238 etiam
873 2180 1009 2255 amplius.
1044 2181 1124 2238 Ante

208 2268 376 2343 coniugium
408 2287 471 2328 mas
500 2275 551 2328 aut
579 2269 688 2329 femina
718 2269 745 2328 si
774 2268 964 2327 convincatur
994 2269 1121 2328 furtivae

208 2356 352 2430 libidinis,
398 2358 527 2434 graviter
561 2358 594 2416 in
630 2377 698 2416 eum
734 2376 835 2417 eamve
879 2357 1122 2416 animadvertitur

207 2447 400 2523 coniugioque
431 2447 491 2506 illis
522 2447 553 2504 in
585 2452 679 2506 totum
710 2447 912 2520 interdictum,
948 2447 1006 2505 nisi
1038 2447 1122 2506 venia

208 2535 349 2612 principis
381 2554 488 2594 noxam
520 2536 682 2612 remiserit3
716 2537 769 2594 sed
800 2541 830 2595 et
859 2541 942 2612 pater
971 2542 1001 2594 et
1030 2541 1122 2594 mater

158 2635 189 2675 25
208 2624 341 2697 familiae,
357 2625 441 2683 cuius
453 2625 484 2682 in
494 2625 579 2683 domo
594 2624 756 2684 admissum
765 2625 909 2700 flagitium
920 2630 973 2699 est,
983 2631 1122 2700 tanquam

208 2730 277 2770 suas
304 2719 403 2788 partes
432 2732 535 2789 parum
563 2714 721 2789 diligenter
747 2714 834 2773 tutati
863 2713 962 2789 magni
989 2714 1122 2772 obiacent

208 2801 353 2860 infamiae.
391 2801 427 2860 Id
449 2803 563 2861 facinus
585 2803 653 2862 ideo
671 2809 732 2862 tam
748 2821 851 2862 severe
865 2803 1022 2877 vindicant,
1043 2803 1122 2878 quod

208 2891 340 2948 lutumm
368 2892 563 2967 prospiciunt,
593 2897 627 2951 ut
654 2892 712 2951 rari
734 2892 766 2951 in
789 2892 971 2967 coniugalem
993 2909 1121 2950 amorem

209 2980 412 3054 coalescerent,
436 2981 467 3038 in
489 2999 548 3057 quo
570 2987 693 3040 aetatem
717 3000 834 3040 omnem
850 3000 918 3040 cum
931 2999 989 3039 uno
1004 2980 1122 3039 videant

158 3081 189 3121 30
209 3079 274 3134 tiiir'b]
298 3069 474 3145 exigendam
497 3074 527 3129 et
547 3071 739 3146 perferendas
752 3071 797 3129 irr-
813 3064 816 3154 t
835 3088 922 3146 super
936 3087 1009 3146 quas
1024 3087 1059 3128 ea
1072 3087 1121 3128 res

208 3158 302 3217 adfert
316 3159 473 3232 molestias
485 3159 544 3218 nisi
556 3178 656 3235 avago
670 3159 825 3218 concubitu
837 3159 993 3234 diligenter
1003 3177 1121 3217 arcean-

207 3253 264 3306 tur.
292 3248 383 3306 Porro
392 3248 422 3306 in
432 3248 598 3324 deligendis
608 3249 781 3324 coniugibus
790 3248 1009 3324 ineptissimum
1023 3247 1121 3320 ritum,

208 3338 251 3396 uti
270 3336 353 3396 nobis
369 3337 465 3396 visum
486 3343 540 3411 est,
559 3337 749 3414 apprimeque
769 3337 927 3395 ridiculum
940 3337 984 3394 illi
999 3335 1073 3394 serio
1087 3355 1122 3395 ao

209 3443 312 3485 severe
331 3427 495 3486 observant.
525 3426 681 3485 Mulierem
695 3426 781 3500 enim,
805 3443 859 3484 seu
868 3425 950 3500 virgo
967 3443 1019 3484 seu
1033 3424 1122 3483 vidua

160 3526 190 3566 35
209 3515 255 3582 sit,
279 3514 377 3590 gravis
401 3521 431 3574 et
449 3516 572 3574 honesta
585 3519 717 3574 matrona
729 3510 817 3591 proco
831 3513 939 3573 nudam
953 3514 1075 3575 exhibet
1087 3531 1123 3575 aa

930 3615 962 3669 ⁶*
1109 3570 1224 3768 *fl
