2512 4020
509 306 614 361 monus,
638 307 749 348 vrorm.
1067 289 1108 347 31

192 485 297 544 foedus
320 484 463 559 tantisper
485 483 667 557 duraturum,
691 483 762 542 dum
784 483 857 560 ipsis
880 483 969 542 tuerit
983 502 1109 543 commo-

144 584 211 640 11111]
235 574 319 646 dum,
340 573 343 652 l
365 591 432 631 cum
459 572 518 631 illis
546 573 822 632 communicandum
844 573 1011 646 consilium,
1039 573 1109 650 quin

192 662 397 739 deponendam
426 679 543 739 quoque
573 662 652 738 apud
681 662 800 721 eosdem
829 662 956 738 aliquam
983 662 1109 737 praedae
1186 720 1189 725 .

192 757 320 829 partem,
349 770 438 828 quam
467 752 556 810 rebus
586 769 625 809 ex
655 751 800 810 sententia
827 751 953 827 peractis
980 757 1108 828 repetat,

158 842 265 899 5dum
301 840 378 899 alius
414 840 540 899 consulit
578 840 783 898 conducendos
821 838 997 913 Germanos,
1034 840 1110 898 alius

192 929 317 1007 pecunia
335 929 545 989 demulcendos
558 929 719 1002 Helvetios,
742 929 817 988 alius
830 928 988 987 aduersum
1001 947 1110 988 numen

191 1018 394 1095 imperatoriae
408 1018 570 1077 maiestatis
584 1037 654 1077 auro
663 1019 744 1077 velut
755 1019 938 1077 anathemate
951 1018 1110 1095 propitian-

192 1107 280 1183 dum3
311 1108 382 1165 dum
411 1106 461 1164 alii
487 1107 605 1166 videtur
634 1126 703 1166 cum
725 1109 911 1182 Arragonum
938 1125 1009 1182 rege
1032 1126 1109 1166 com·

192 1196 342 1273 ponendas
372 1213 439 1255 esse
468 1214 516 1254 res
546 1201 576 1255 et
603 1196 696 1255 alieno
723 1196 867 1255 Navariae
904 1214 995 1271 regno
1029 1197 1111 1254 velut

112 1308 114 1311 ’
145 1298 174 1340 10
192 1285 274 1362 pacis
303 1289 520 1344 auctoramento
549 1285 725 1360 cedendum,
757 1285 833 1343 alius
864 1285 980 1344 interim
1009 1292 1111 1344 censet

193 1373 349 1434 Castelliae
372 1374 536 1450 principem
557 1374 655 1451 aliqua
673 1392 727 1450 spe
741 1374 898 1433 adfinitatis
912 1374 1109 1432 inretiendum

192 1470 281 1540 atque
304 1463 414 1522 aulicos
437 1463 550 1522 nobiles
573 1463 685 1540 aliquot
706 1463 737 1520 in
760 1481 843 1522 suam
856 1463 1014 1522 factionem
1030 1469 1109 1522 certa

192 1552 333 1629 pensione
361 1570 428 1611 esse
455 1552 683 1627 pertrahendos3
712 1552 784 1610 dum
810 1551 957 1611 maximus
980 1552 1109 1610 omnium

191 1641 286 1700 nodus
304 1641 438 1711 occurrit,
462 1641 532 1717 quid
547 1641 735 1700 statuendum
755 1641 871 1700 interim
886 1641 923 1700 de
936 1641 1044 1717 Anglia
1058 1641 1108 1700 sit:

145 1743 173 1784 rs
192 1735 325 1790 ceterum
348 1731 385 1789 de
408 1748 481 1806 pace
503 1730 689 1789 tractandmn
708 1736 806 1789 tamen
830 1729 870 1808 (et
883 1730 1110 1806 constringenda

191 1819 370 1878 firmissimis
400 1819 526 1878 vinculis
556 1837 673 1896 semper
701 1819 818 1878 infirma
845 1818 993 1894 societas),
1023 1820 1110 1878 amici

135 1950 136 1953 η
191 1913 341 1982 vocentur,
351 1908 548 1984 suscipiantur
557 1914 590 1966 ut
603 1908 722 1980 inimici,
732 1908 882 1967 habendos
894 1908 984 1984 igitur
992 1914 1109 1984 paratos

191 1997 319 2057 velutin
334 1997 457 2056 statione
471 1997 573 2057 Scotos
587 1997 624 2055 ad
639 2016 757 2056 omnem
777 1997 904 2056 intentos
918 1997 1109 2070 occasionem,

192 2087 219 2146 si
242 2086 314 2163 quid
337 2092 369 2145 se
395 2092 596 2144 commoveant
618 2086 716 2162 Angli,
744 2087 877 2161 protinus
900 2087 1109 2157 immittendos

145 2186 174 2228 20
191 2175 230 2234 ad
257 2176 331 2234 haec
355 2175 515 2234 fovendum
539 2176 674 2234 exsulem
696 2175 823 2234 nobilem
845 2175 975 2252 aliquem
997 2175 1110 2234 occulte

192 2265 331 2341 (namque
357 2264 389 2322 id
411 2270 512 2340 aperte
535 2283 572 2323 ne
595 2265 646 2323 fiat
668 2264 823 2340 prohibent
843 2263 980 2340 foedera),
1004 2265 1056 2341 qui
1079 2265 1110 2322 id

191 2371 317 2428 regnum
340 2353 396 2412 sibi
418 2354 519 2412 deberi
542 2354 705 2427 contendat,
730 2359 764 2412 ut
786 2371 820 2412 ea
843 2353 925 2412 velut
947 2371 1019 2411 ansa
1041 2371 1110 2412 con-

191 2442 283 2501 tineat
293 2447 464 2518 suspectum
478 2442 532 2502 sibi
541 2442 766 2519 principem—z
782 2442 838 2516 hic,
847 2442 976 2518 inquam,
986 2442 1016 2500 in
1029 2447 1110 2501 tanto

192 2549 292 2590 rerum
323 2530 484 2604 molimine,
516 2537 560 2590 tot
589 2532 717 2606 egregiis
746 2531 816 2590 viris
848 2531 884 2589 ad
915 2531 1027 2590 bellum
1057 2548 1110 2590 sua

145 2631 173 2673 25
193 2620 327 2679 certatim
372 2620 493 2679 consilia
534 2620 749 2679 conterentibus
788 2620 813 2680 si
854 2638 909 2695 ego
954 2620 1110 2679 homuncio

193 2727 312 2784 surgam
343 2727 378 2768 ac
409 2710 485 2767 verti
518 2709 633 2767 iubeam
663 2709 742 2783 vela,
774 2709 963 2768 omittendam
995 2709 1110 2768 ltaliam

193 2816 330 2857 censeam
343 2804 374 2856 et
388 2798 467 2856 domi
489 2798 586 2857 (licam
606 2816 672 2857 esse
686 2799 873 2872 manendum,
892 2817 985 2856 unum
1000 2797 1110 2858 Galliae

192 2905 317 2962 regnum
344 2887 406 2946 iere
433 2887 529 2946 maius
556 2905 635 2962 esse,
664 2906 751 2964 quam
779 2893 812 2946 ut
839 2887 990 2946 commode
1017 2887 1111 2964 possit

192 2976 229 3035 ab
256 2994 315 3035 uno
342 2975 554 3050 administrari,
582 2995 620 3035 ne
648 2977 705 3035 sibi
727 2981 812 3053 putet
833 2994 888 3035 rex
910 2977 947 3035 de
970 2977 1037 3035 aliis
1060 2977 1111 3035 ad-

147 3076 175 3118 eo
193 3065 318 3124 iciendis
347 3083 413 3124 esse
443 3065 645 3140 cogitandum,
678 3071 743 3124 tum
773 3066 799 3124 si
828 3065 888 3124 illis
917 3083 1112 3142 proponerem

194 3153 312 3213 decreta
335 3154 542 3229 Achoriorum,
572 3154 904 3231 populil'topiensium
931 3155 1046 3214 insulae
1073 3154 1111 3213 ad

192 3242 361 3302 Euronoton
385 3244 512 3319 oppositi
537 3243 600 3322 (qui
622 3261 692 3302 cum
714 3244 783 3302 olim
804 3244 915 3303 bellum
939 3245 1110 3319 gessissent,

193 3338 227 3390 ut
248 3332 313 3408 regi
336 3350 390 3390 suo
412 3332 494 3391 aliud
517 3333 680 3391 obtinerent
702 3351 834 3408 regnum,
858 3333 937 3410 quod
952 3333 1110 3392 adfinitatis

193 3421 330 3498 antiquae
362 3440 450 3480 causa
483 3422 540 3480 sibi
575 3422 766 3482 contendebat
802 3422 971 3481 heredidate
1003 3422 1110 3495 deberi,

149 3521 175 3562 35
193 3510 342 3570 consecuti
371 3510 490 3570 tandem
519 3511 564 3583 id,
594 3511 645 3570 ubi
667 3511 804 3570 viderunt
830 3511 904 3569 nihil
932 3511 987 3570 sibi
1013 3511 1111 3570 minus
