2512 4020
149 301 188 358 52
505 317 610 372 nonus,
635 318 745 358 vrorm.

192 494 279 553 simul
309 513 343 552 ae
370 494 508 568 feminae,
538 495 695 553 multitudo
725 495 853 553 maxima
880 496 917 553 ad
945 495 1110 555 audiendas

190 583 331 642 lectiones
345 583 394 642 alii
409 583 489 657 alias,
513 589 600 659 prout
618 583 761 661 cuiusque
773 585 831 642 lert
844 590 956 658 natura,
976 585 1109 644 confluit.

190 673 254 731 Hoc
285 673 383 748 ipsum
412 678 529 748 tempus
559 678 656 731 tamen
687 673 712 730 si
742 673 809 749 quis
837 674 893 732 arti
924 691 995 731 suae
1023 674 1109 733 malit

190 762 347 834 insumere,
371 761 450 837 quod
472 761 574 819 multis
598 780 654 819 usu
676 761 766 836 venit,
791 780 915 838 quonim
937 763 1054 821 animus
1075 763 1107 820 in

160 850 302 908 ammius
341 849 585 925 contemplatione
622 850 792 926 disciplinae
824 851 989 926 consurgit,
1025 852 1110 910 haud

190 940 370 1016 prohibetur,
394 939 465 1015 quin
484 939 619 997 landatur
634 957 749 1015 quoque
763 946 797 998 ut
810 940 891 998 utilis
905 940 948 998 rei
962 941 1108 1016 publicae.

191 1028 288 1104 Super
315 1046 417 1087 cenam
446 1035 510 1086 tum
537 1046 626 1086 unam
653 1028 754 1086 horam
777 1028 1109 1115 ludendolproducnnt,

191 1123 300 1176 aestate
323 1117 354 1174 in
376 1117 476 1190 hortis,
500 1117 596 1175 hieme
619 1117 650 1174 in
672 1116 748 1175 aulis
769 1117 829 1175 illis
844 1117 1058 1192 communibus,
1075 1119 1106 1176 in

190 1206 296 1282 quibus
320 1206 485 1265 comedunt.
531 1205 575 1264 lbi
603 1211 654 1264 aut
680 1206 813 1265 musicen
836 1212 977 1265 exercent
999 1212 1050 1265 ant
1074 1225 1107 1266 se

147 1309 171 1349 io
191 1313 323 1354 sermone
345 1301 488 1354 recreant.
522 1295 627 1353 Aleam
649 1300 738 1370 atquc
761 1295 792 1352 id
815 1313 910 1370 genus
933 1295 1049 1371 ineptos
1072 1315 1110 1355 ao

192 1384 370 1460 perniciosos
384 1385 470 1442 ludos
484 1402 520 1442 ne
534 1389 713 1458 cognoscunt
727 1384 862 1460 quidem,
887 1389 1016 1443 ceterum
1030 1385 1112 1444 duos

190 1474 299 1532 habent
311 1473 342 1530 in
357 1491 413 1531 usu
427 1473 513 1531 ludos
528 1472 760 1531 latrunculorum
773 1473 843 1531 ludo
857 1491 916 1531 non
930 1473 1109 1532 dissimiles:

189 1563 313 1620 alterum
327 1580 516 1620 numerorum
528 1580 666 1637 pugnam,
681 1562 712 1619 in
722 1580 779 1639 qua
793 1580 934 1621 numerus
948 1581 1110 1621 numerum

147 1662 214 1716 [fiijbl
238 1651 403 1727 praedatur,
426 1652 550 1709 alterum
572 1651 603 1708 in
627 1669 684 1726 quo
705 1651 817 1710 conlata
831 1651 893 1710 acie
907 1669 976 1709 cum
993 1644 995 1734 l
1012 1652 1112 1711 virtu-

147 1753 171 1793 ra
191 1740 269 1798 tibus
296 1740 368 1798 vitia
397 1740 565 1814 confligunt.
612 1739 675 1812 Quo
702 1740 732 1797 in
762 1740 831 1798 ludo
859 1758 1003 1816 perquam
1031 1742 1112 1800 scite

190 1829 354 1887 ostenditur
377 1835 407 1887 et
427 1829 564 1887 vitiorum
587 1829 664 1887 inter
687 1847 719 1888 se
743 1829 897 1887 dissidium
915 1834 946 1887 et
961 1829 1112 1890 adversus

189 1919 314 1976 uirtutes
337 1919 500 1990 concordia,
522 1918 595 1976 item
609 1936 683 1993 quae
692 1917 763 1976 titia
779 1918 886 1994 quibus
901 1935 933 1976 se
947 1919 1112 1978 virtutibus

190 2012 349 2082 opponant,
382 2007 488 2082 quibus
515 2007 625 2064 viribus
653 2012 753 2082 aperte
783 2013 966 2083 oppugnent,
997 2008 1112 2084 quibus

189 2096 429 2154 machinamentis
456 2097 492 2154 ab
520 2095 635 2172 obliquo
665 2096 846 2168 adoriantur,
877 2113 934 2171 quo
958 2096 1110 2172 praesidio

145 2197 171 2238 20
190 2185 314 2243 virtutes
345 2185 483 2242 vitiorum
516 2184 596 2243 vires
634 2184 806 2259 infringant,
849 2185 956 2261 quibus
992 2186 1111 2245 artibus

190 2292 290 2332 eorum
305 2280 426 2332 conatus
441 2273 568 2347 eludant,
592 2274 698 2349 quibus
712 2274 840 2350 denique
853 2273 949 2332 modis
963 2274 1108 2334 alterutra

189 2381 258 2438 pars
281 2363 418 2421 uictoriae
442 2381 561 2438 compos
584 2363 642 2421 fiat.

256 2451 315 2510 Sed
337 2452 393 2511 hoc
414 2452 491 2525 loce,
519 2470 556 2510 ne
580 2451 650 2528 quid
675 2452 786 2524 arretio,
810 2451 949 2527 quiddam
972 2453 1110 2528 pressius

189 2541 362 2600 intuendum
388 2547 441 2600 est.
480 2540 598 2599 Etenim
621 2541 698 2616 quod
722 2558 776 2598 sex
800 2540 954 2598 dumtaxat
972 2541 1061 2601 horas
1074 2542 1107 2600 in

145 2642 170 2682 aa
189 2648 278 2705 opere
301 2635 377 2702 sunt,
405 2630 469 2688 fieri
491 2631 616 2688 fortasse
638 2635 743 2705 potest,
766 2635 801 2686 ut
823 2629 952 2706 inopiam
975 2630 1107 2706 aliquam

189 2726 274 2794 putes
289 2719 518 2776 necessariarum
528 2737 627 2777 rerum
637 2719 728 2794 sequi.
752 2717 1003 2793 Quodtamlonge
1012 2721 1106 2793 abest,

189 2813 222 2866 ut
244 2808 365 2880 accidat,
390 2815 422 2865 ut
443 2808 475 2865 id
498 2808 637 2883 temporis
660 2808 697 2865 ad
721 2807 852 2864 omnium
864 2825 966 2865 rerum
980 2808 1105 2884 copiam,

189 2915 263 2972 quae
293 2897 412 2973 <puniam
439 2896 476 2954 ad
504 2897 580 2954 uitae
607 2897 656 2954 vel
683 2895 887 2955 necessitatem
916 2897 1106 2973 requirantur

190 2987 238 3044 vel
260 2986 505 3057 commoditatem,
533 3004 591 3043 non
615 2985 742 3043 sufficiat
765 2984 864 3058 modo,
895 2985 949 3044 sed
974 2986 1102 3062 supersit

144 3088 171 3127 ao
191 3075 294 3149 etiam,
322 3075 353 3132 id
377 3075 454 3150 quod
478 3093 530 3133 vos
554 3092 669 3151 quoque
691 3073 874 3148 intelligetis,
903 3074 929 3132 si
951 3075 1104 3134 vobiscum

189 3164 338 3238 reputetis,
361 3163 440 3238 apud
462 3164 534 3222 alias
558 3169 663 3238 gentes
687 3182 774 3239 quam
797 3181 904 3238 magna
916 3164 1022 3240 populi
1035 3182 1103 3240 pars

189 3252 268 3310 iners
300 3253 397 3326 degit:
435 3253 563 3328 primum
595 3253 734 3310 mulieres
768 3253 829 3310 lere
862 3270 978 3326 omnes,
1013 3253 1102 3312 totius

101 3329 105 3338 ’
191 3359 320 3399 summae
354 3341 521 3414 dimidium,
555 3349 606 3399 aut
638 3341 731 3399 sicubi
764 3341 903 3401 mulieres
935 3343 1102 3417 negotiosae

190 3437 266 3503 sunt,
289 3431 337 3503 ibi,
360 3438 393 3488 ut
416 3431 583 3506 plurimum,
608 3449 708 3488 earum
731 3431 795 3488 tice
819 3431 872 3488 viri
896 3435 1038 3507 stertunt,
1064 3431 1099 3490 ad

144 3533 170 3572 aa
189 3519 263 3578 haec
287 3520 471 3578 sacerdotum
494 3538 528 3577 ac
550 3520 753 3594 religiosorum
777 3538 851 3595 qnos
867 3527 973 3580 vocant
995 3524 1102 3597 quanta
