2512 4020
510 310 615 364 nonve,
639 311 751 351 vrorm.

262 487 357 546 Habet
393 494 545 564 praeterea
577 488 700 563 quilibet
734 487 816 546 vicus
853 488 936 546 aulas
970 489 1114 564 quasdam

195 595 316 652 capaces
342 577 456 653 aequali
486 578 521 634 ab
545 594 612 635 sese
634 577 760 635 invicem
783 577 936 635 intervallo
959 577 1113 649 distantes

194 665 310 723 nomine
324 684 470 742 quamque
480 683 532 724 suo
547 666 686 740 cognitae.
719 665 781 723 Has
795 667 896 724 colunt
910 667 1113 742 syphogranti.

195 753 325 826 Quarum
336 754 494 831 unicuique
504 755 625 829 triginta
633 754 770 827 familiae,
782 754 923 813 videlicet
936 756 972 812 ab
987 763 1113 832 utroque

163 856 175 896 s
193 843 285 900 latere
308 843 484 919 quindecim,
509 849 579 901 sunt
601 843 746 920 ascriptae
761 843 857 902 cibum
873 844 915 902 ibi
930 850 1113 920 sumpturae.

195 930 389 990 Obsonatores
412 932 555 1008 cuiusque
578 933 662 991 aulae
684 938 764 990 certa
786 933 857 990 hora
880 934 1059 992 conveniunt
1081 934 1114 992 in

193 1021 289 1078 forum
312 1039 347 1078 ac
369 1021 459 1079 relato
484 1039 602 1079 suorum
626 1039 747 1079 numero
771 1021 869 1079 cibum
891 1028 1005 1097 petunt
1053 1023 1114 1082 Sed

194 1109 289 1185 prima
302 1109 375 1168 ratio
391 1116 575 1184 aegrotorum
585 1110 716 1183 habetur,
731 1110 783 1186 qui
795 1110 827 1168 in
836 1110 962 1186 publicis
972 1109 1114 1186 hospitiis

194 1204 341 1256 curantur.
386 1199 462 1257 Nam
491 1205 628 1275 quattuor
654 1200 764 1257 habent
790 1198 821 1257 in
848 1199 960 1258 ambitu
983 1199 1114 1260 civitatis

151 1301 176 1341 ro
195 1286 328 1363 hospitia,
351 1288 439 1364 paulo
463 1294 677 1361 extramuros,
701 1294 760 1346 tam
783 1288 909 1364 capacia,
933 1294 966 1347 ut
988 1289 1114 1348 totidem

194 1376 341 1452 oppidulis
364 1377 484 1453 aequari
511 1377 634 1452 possint,
661 1382 726 1435 tum
748 1382 782 1435 ut
804 1395 901 1453 neque
923 1383 1115 1452 aegrotorum

193 1483 335 1523 numerus
365 1466 524 1542 quamlibet
553 1484 678 1540 magnus
705 1471 829 1541 anguste
856 1466 1061 1544 conlocaretur
1084 1475 1116 1527 et

193 1572 246 1630 per
277 1555 333 1613 hoo
362 1554 558 1628 incommode,
591 1561 656 1613 tum
685 1573 743 1631 quo
775 1555 806 1612 hi
841 1554 893 1630 qui
924 1555 976 1613 tali
1008 1558 1114 1616 morbo

193 1649 371 1717 tenerentur,
386 1644 469 1702 ouius
483 1644 617 1718 contagio
632 1644 705 1702 solet
718 1644 754 1702 ab
769 1644 825 1701 alio
834 1644 872 1702 ad
881 1643 970 1702 alium
982 1662 1114 1721 serpere,

149 1745 175 1786 15
193 1732 310 1807 longius
327 1732 450 1791 aliorum
465 1738 551 1792 coetu
568 1733 712 1792 semoveri
729 1733 853 1809 possint.
885 1733 966 1792 Haec
981 1734 1115 1810 hospitia

193 1821 234 1879 ita
267 1827 336 1880 sunt
367 1821 512 1881 instructa
542 1827 632 1898 atque
664 1822 799 1880 omnibus
830 1822 932 1895 rebus,
965 1840 1041 1899 quae
1075 1825 1115 1882 ad

193 1910 318 1969 salutem
341 1911 499 1984 conferant,
521 1911 638 1985 referta,
662 1918 725 1969 tum
747 1916 808 1969 tam
830 1915 932 1970 tenera
954 1929 989 1969 ac
1006 1913 1115 1972 sedula

193 2018 263 2058 cura
277 1999 439 2073 adhibetur,
461 2005 522 2058 tam
536 2000 655 2058 assidua
668 2000 848 2058 medicorum
861 1999 1115 2076 peritissimorum

193 2088 367 2163 praesentia,
391 2095 424 2147 ut
447 2107 514 2147 cum
537 2088 609 2147 illuc
631 2107 717 2147 nemo
732 2089 866 2147 mittatur
878 2088 998 2162 invitus,
1022 2108 1115 2150 nemo

147 2189 174 2230 ao
192 2182 290 2235 tamen
317 2178 379 2236 fere
408 2177 439 2235 in
467 2183 527 2236 tota
549 2179 622 2236 urbe
645 2178 692 2251 sit,
720 2179 771 2254 qui
793 2178 918 2236 adversa
940 2178 1115 2240 valetudine

148 2277 209 2331 [gito]
239 2267 371 2324 laborans
403 2285 462 2325 non
487 2264 490 2346 l
516 2267 556 2325 ibi
588 2267 765 2325 decumbere
801 2285 890 2343 quam
922 2267 1002 2325 domi
1041 2286 1114 2328 suae

192 2356 345 2430 praeferat.

259 2444 334 2502 Cum
361 2437 546 2518 aegrotorum
574 2445 728 2503 obsonator
757 2445 837 2504 eibos
865 2463 904 2503 ex
926 2445 1112 2506 medicorum

191 2533 371 2608 praescripto
399 2533 551 2608 receperit,
580 2534 720 2610 deinceps
743 2534 853 2609 optima
876 2552 1008 2610 quaeque
1032 2535 1114 2595 inter

147 2633 173 2674 as
191 2621 273 2680 aulas
303 2622 496 2698 aequabiliter
525 2641 578 2698 pro
609 2641 661 2681 suo
689 2623 831 2699 cariusque
859 2641 981 2681 numero
1009 2623 1113 2684 distri·

193 2710 330 2783 buuntur,
353 2711 411 2769 nisi
434 2711 511 2786 quod
534 2712 685 2787 principis,
704 2704 856 2787 pontificis
880 2716 910 2770 et
928 2712 1112 2773 traniborum

191 2805 343 2875 respectus
373 2800 498 2858 habetur
525 2819 559 2859 ac
585 2800 751 2875 legatorum
775 2802 862 2860 etiam
885 2806 915 2859 et
938 2807 1112 2861 exterorum

191 2889 335 2962 omnium,
364 2889 389 2947 si
418 2889 468 2964 qui
497 2895 578 2963 sunt,
607 2890 657 2966 qui
685 2890 771 2966 pauci
793 2909 827 2948 ac
850 2908 915 2948 raro
939 2897 1023 2965 sunt;
1056 2893 1111 2951 sed

191 2977 238 3036 his
253 2996 377 3053 quoque,
392 2996 459 3036 cum
476 2978 591 3051 adsunt,
611 2979 756 3037 domicilia
770 2985 849 3038 certa
862 2985 950 3055 atque
963 2979 1111 3040 instructa

146 3079 174 3119 ao
192 3072 340 3142 parantur.
376 3066 423 3124 Ad
445 3068 499 3125 has
522 3068 605 3125 aulas
628 3068 742 3143 prandii
764 3086 910 3144 cenaeque
930 3069 1014 3127 statis
1027 3069 1110 3129 horis

191 3162 251 3213 tota
284 3157 493 3230 syphograntia
531 3158 668 3215 convenit
703 3175 811 3216 aeneae
845 3158 933 3216 tubae
970 3157 1109 3234 clangore

191 3245 433 3319 commonefacta,
466 3245 523 3302 nisi
554 3245 606 3320 qui
637 3251 687 3304 aut
718 3246 749 3303 in
781 3246 916 3322 hospitiis
945 3252 997 3305 aut
1028 3247 1108 3306 domi

191 3333 381 3405 decumbunt,
414 3352 592 3409 quamquam
622 3353 707 3392 nomo
737 3334 919 3410 prohibetur,
949 3341 1108 3412 postquam

190 3422 266 3480 aulis
290 3427 336 3481 est
360 3423 577 3496 satisfactum,
601 3441 617 3480 e
640 3423 702 3481 foro
726 3424 846 3481 domum
869 3424 967 3482 cibum
991 3431 1106 3500 petere5

145 3523 172 3564 35
192 3511 288 3569 sciunt
311 3511 389 3570 eninr
412 3512 558 3570 neminem
578 3512 608 3568 id
623 3519 734 3570 temere
748 3513 860 3587 tacere,
876 3531 944 3572 nam
957 3514 1014 3572 etsi
1027 3514 1106 3573 domi
