2512 4020
506 311 609 368 uonvs,
633 312 743 354 vrorm.
1061 296 1106 354 45

188 506 248 548 una
271 489 391 565 quaevis
414 489 533 563 habeat,
562 490 598 548 ab
621 489 720 566 aliqua
741 489 835 548 multo
858 489 946 548 etiam
969 489 1107 565 amplius,

189 577 327 636 videlicet
358 596 415 654 qua
446 583 530 654 parte
562 578 680 653 longius
709 579 799 637 urbes
826 579 904 637 inter
934 597 966 637 se
994 579 1108 637 disiun-

188 672 308 742 guntur.
354 666 437 726 Nulli
466 667 533 725 urbi
563 667 670 743 cupido
697 667 961 743 promovendorum
984 667 1106 742 finium;

191 755 301 832 quippe
325 774 398 832 quos
421 756 530 815 habent
551 757 696 831 agricolas
718 756 813 832 magis
837 774 938 815 eorum
962 774 994 815 se
1017 775 1106 833 quam

155 857 170 898 a
189 844 325 903 dominos
347 850 459 922 putant.
497 845 614 904 Habent
635 845 697 903 ruri
719 863 774 921 per
797 863 897 903 omnes
919 863 1007 920 agros
1028 863 1109 904 com-

189 933 281 992 mode
291 933 448 1010 dispositas
463 933 564 993 domos
577 933 698 992 rusticis
711 934 916 993 instrumentis
932 934 1105 993 instructas:

188 1022 246 1082 hae
273 1023 441 1081 habitantur
464 1022 578 1081 civibus
601 1041 654 1099 per
677 1022 757 1081 vices
780 1041 814 1082 eo
838 1023 1108 1097 commigrantibus,

189 1110 280 1170 Nulla
302 1111 412 1170 familia
434 1111 544 1170 rustica
565 1112 597 1170 in
613 1111 684 1170 viris
706 1111 939 1188 mulieribusque
953 1112 1109 1188 pauciores

189 1201 278 1259 habet
313 1219 402 1277 quam
439 1200 632 1276 quadraginta
670 1206 786 1277 praeter
816 1201 890 1258 duos
925 1200 1109 1277 ascripticios

143 1301 171 1342 10
191 1307 309 1365 servos;
342 1289 450 1366 quibus
481 1295 565 1365 pater
595 1295 746 1366 materque
777 1289 904 1348 familias
936 1307 1040 1364 graves
1072 1309 1107 1348 ac

144 1389 224 1444 [eilia]
256 1379 364 1437 maturi
390 1378 601 1454 praeficiuntur
623 1386 653 1437 et
673 1380 676 1458 l
698 1378 822 1453 singulis
845 1378 964 1436 tricenis
987 1378 1108 1436 familiis

189 1467 371 1543 phylarchus
394 1485 480 1526 unus.
511 1467 536 1526 Ε
560 1485 675 1544 quaque
697 1467 808 1525 familia
826 1467 929 1542 viginti
950 1467 1109 1543 quotannis

189 1556 221 1614 in
240 1557 344 1615 urbem
359 1556 535 1631 remigrant:
558 1556 590 1613 hi
605 1556 656 1632 qui
670 1556 821 1615 biennivnu
834 1556 896 1614 ruri
912 1556 1106 1632 complevere.

190 1645 227 1703 In
249 1646 355 1703 horum
370 1645 468 1704 locum
482 1645 605 1704 totidem
619 1650 753 1704 recentes
767 1663 805 1704 ex
820 1646 892 1704 urbe
907 1650 1109 1719 surrogantnr,

146 1746 172 1786 15
192 1739 225 1792 ut
247 1736 283 1792 ab
306 1734 361 1808 hie,
385 1734 437 1810 qui
459 1752 569 1792 annum
592 1734 632 1792 ibi
646 1735 730 1793 fuere
750 1739 838 1810 atque
851 1733 916 1792 ideo
931 1734 1105 1792 rusticarum

189 1823 343 1899 peritiores
376 1841 490 1896 rerum,
523 1823 715 1881 instituantur
750 1823 823 1881 ahos
854 1841 930 1881 anno
962 1828 1108 1899 sequente

191 1911 314 1986 declini,
337 1930 384 1985 ne,
408 1912 434 1970 si
457 1911 567 1988 pariter
583 1929 683 1970 omnes
696 1912 737 1969 ibi
750 1911 819 1971 novi
832 1910 1110 1988 agricolationisque

190 2000 281 2059 rudes
303 2006 412 2074 essent,
435 2000 549 2077 aliquid
568 2000 598 2059 in
615 2019 729 2059 annona
742 2019 796 2077 per
812 2000 987 2077 imperitiam
1003 2019 1109 2076 pecca·

188 2096 280 2149 retur.
312 2090 343 2148 is
356 2089 589 2148 innovandorum
603 2090 797 2164 agricolarum
810 2107 874 2148 mos
889 2090 945 2148 etsi
955 2089 1108 2148 sollemnis

146 2190 172 2232 20
192 2179 243 2251 sit,
274 2197 310 2237 ne
340 2178 495 2255 quisquam
526 2179 636 2238 invitus
663 2178 841 2255 asperiorem
868 2179 958 2237 vitam
986 2185 1110 2253 cogatur

190 2267 359 2326 continuare
390 2267 513 2340 diuhus,
543 2267 630 2326 multi
658 2273 770 2341 tamen,
803 2285 876 2344 quos
905 2267 1033 2326 rusticae
1062 2267 1107 2326 rei

192 2355 322 2415 studium
345 2362 449 2415 natura
472 2357 607 2430 delectat,
631 2357 732 2432 plures
756 2356 811 2414 sibi
829 2374 921 2414 annos
939 2356 1108 2432 impetrant.

258 2445 411 2520 Agricolae
434 2451 543 2504 terram
566 2447 674 2519 colunt,
702 2446 836 2504 nutriunt
858 2444 1003 2518 animalia,
1026 2445 1107 2519 ligna

192 2540 361 2611 comparant
382 2541 471 2610 atque
493 2535 524 2592 in
545 2536 657 2608 urbem,
681 2553 739 2610 qua
752 2535 937 2593 commodum
951 2539 1005 2606 est,
1028 2539 1110 2592 terra

145 2635 171 2676 aa
190 2623 302 2682 marive
326 2624 502 2682 convehunt.
541 2623 694 2682 Pullorum
708 2623 854 2682 infinitam
868 2623 995 2683 educant
1009 2622 1107 2681 multi-

190 2711 323 2771 tudinem
345 2712 472 2771 mirabili
494 2712 626 2772 artificio.
663 2711 767 2788 Neque
790 2712 868 2770 enim
891 2712 1030 2770 incubant
1052 2729 1110 2770 ova

191 2801 332 2877 gallinae3
358 2801 411 2861 sed
429 2820 569 2876 maguum
585 2819 686 2860 eorum
700 2819 855 2859 numerum
869 2801 965 2860 calore
980 2801 1106 2876 quodam

191 2890 336 2966 aequabili
358 2891 489 2949 foventes
503 2890 633 2949 animant
647 2890 841 2966 educantque.
877 2889 917 2948 Hi
930 2889 1110 2966 simulatque

190 2984 301 3038 etesta
318 2979 461 3056 prodiere,
484 2979 618 3038 homines
642 2979 707 3038 vice
729 2985 856 3037 matrum
879 2979 1055 3038 comitantur
1078 2984 1109 3036 et

144 3080 172 3122 ao
191 3074 361 3144 agnoscunt.
406 3068 507 3144 Equos
536 3068 618 3127 alunt
649 3086 790 3145 perquam
822 3085 932 3144 paucos
964 3085 1020 3126 nec
1049 3066 1108 3125 nisi

190 3157 366 3217 ferocientes
396 3175 492 3233 neque
519 3157 610 3216 alium
638 3158 669 3215 in
698 3175 786 3214 usum
814 3175 902 3233 quam
925 3155 1110 3215 exercendae

190 3247 279 3305 rebus
302 3246 488 3323 equestribus
511 3246 665 3305 iuventuti.
702 3245 776 3303 Nam
792 3263 909 3304 omnem
924 3263 978 3303 seu
992 3244 1108 3303 colendi

192 3353 244 3395 seu
268 3335 395 3394 vehendi
417 3336 546 3393 laborem
569 3336 660 3394 boves
683 3336 806 3411 obeunt;
831 3352 904 3410 quos
927 3342 960 3392 ut
978 3335 1110 3393 latentur

191 3424 276 3501 equis
303 3425 416 3500 impetu
445 3423 564 3498 cedere,
595 3424 639 3482 sic
665 3423 807 3500 patientia
833 3423 952 3482 vincere
981 3440 1037 3481 nec
1064 3427 1108 3480 tot

143 3526 172 3568 35
191 3513 332 3573 obnoxios
354 3512 464 3571 morbis
479 3519 598 3589 putant,
622 3513 660 3571 ad
682 3513 757 3576 haec
779 3511 890 3571 minore
914 3504 1063 3589 impendio
1078 3517 1108 3569 et
