2512 4020
511 314 615 368 nonus,
639 314 749 354 vrorm.
1069 296 1109 355 37

195 495 309 549 mutam
331 508 487 566 personam
510 509 598 567 quam
620 491 716 550 aliena
738 491 886 550 recitando
900 492 988 550 talem
1003 491 1111 550 fecisse

196 578 471 655 tragicomoediam?
518 580 720 656 Corrumperis
757 580 837 639 enim
873 580 1110 657 perverterisque

196 674 383 745 praesentem
409 669 550 743 tabulam,
581 669 652 727 dum
680 669 798 728 diversa
819 669 994 745 permisces,
1022 670 1110 728 etiam

198 758 224 816 si
247 775 322 834 quae
344 764 377 816 tu
392 758 489 816 adfers
502 758 625 817 meliora
638 759 756 817 fuerint.
793 753 1000 835 Quaecumque
1013 759 1112 818 fabula

164 846 227 905 oin
256 865 345 906 manu
375 851 433 920 est,
462 865 528 906 eam
556 865 611 922 age
639 866 727 924 quam
754 853 838 922 potes
870 847 982 924 optimc
1015 865 1110 924 neque

146 947 208 1002 [eju]
231 936 298 994 ideo
320 941 412 994 totam
435 937 602 1012 perturbes,
626 936 706 1013 quod
726 933 729 1016 1
750 936 802 994 tibi
824 936 855 994 111
878 941 1008 994 mentem
1030 937 1111 995 111111

196 1024 327 1098 alterius,
350 1043 425 1100 quae
449 1025 487 1084 sit
508 1025 649 1100 tepidior!
681 1025 730 1084 Sic
751 1025 850 1102 estin
873 1025 1044 1100 republica,
1068 1025 1111 1084 sic

197 1113 229 1171 in
260 1113 522 1172 consultationibus
559 1113 734 1190 principum.
788 1113 819 1172 si
850 1113 990 1172 radicitus
1023 1114 1111 1172 111111

196 1220 254 1261 non
286 1203 401 1279 possint
433 1202 585 1278 opiniones
621 1221 730 1279 pravae
766 1220 862 1280 neque
893 1202 1021 1278 receptis
1053 1221 1110 1261 usu

146 1303 177 1345 ro
196 1291 276 1350 vitiis
298 1291 411 1350 mederi
434 1310 525 1367 queas
548 1309 586 1350 ex
608 1292 699 1350 animi
721 1292 766 1350 tui
789 1292 940 1364 sententia,
964 1309 1022 1350 non
1044 1292 1110 1350 ideo

195 1385 294 1439 tamen
324 1380 487 1439 deserenda
516 1399 564 1439 res
593 1381 711 1457 publica
741 1387 787 1439 est
817 1385 847 1439 et
876 1381 906 1438 in
934 1386 1109 1457 tempestate

195 1469 279 1528 navis
294 1469 490 1542 destituenda,
514 1470 650 1546 quoniam
667 1475 769 1529 ventos
783 1469 917 1528 inhibere
931 1487 989 1528 non
1004 1471 1109 1545 possis,

194 1563 224 1616 at
246 1576 342 1634 neque
357 1558 492 1617 insuetus
506 1565 535 1617 et
548 1559 679 1617 insolens
695 1577 791 1618 sermo
804 1558 1005 1632 inculcandus,
1020 1577 1109 1635 quem

196 1647 272 1706 scias
295 1647 374 1723 apud
397 1648 515 1706 diversa
536 1666 693 1724 persuasos
716 1648 832 1724 pondus
855 1666 913 1706 non
933 1648 1109 1720 habiturum,

148 1749 177 1790 ro
197 1736 251 1794 sed
278 1736 395 1813 obliquo
419 1737 510 1795 ductu
538 1738 700 1795 conandum
729 1743 775 1796 est
801 1743 889 1813 atque
916 1737 1109 1796 adnitendum

194 1825 260 1898 tibi,
290 1825 335 1883 uti
362 1843 416 1901 pro
443 1831 494 1884 tua
521 1826 600 1884 111111
631 1826 728 1885 omnia
759 1831 867 1885 tractes
900 1826 1051 1884 commode
1080 1833 1110 1884 et

194 1914 273 1990 quod
299 1913 331 1971 in
358 1915 467 1973 bonum
490 1915 595 1991 nequis
618 1920 735 1974 vertere
758 1915 869 1973 efficias
888 1915 993 1974 saltem
1016 1921 1051 1973 ut
1071 1915 1110 1973 sit

194 2022 284 2079 quam
315 2003 436 2062 minime
468 2005 587 2063 malum.
637 2003 716 2062 Nam·
744 2011 778 2062 111
807 2003 904 2062 omnia
935 2005 1010 2062 bona
1042 2004 1108 2076 sint,

196 2092 261 2150 fieri
283 2110 340 2150 non
363 2097 468 2168 potest,
491 2093 548 2151 nisi
567 2110 668 2151 omnes
681 2093 750 2151 boni
764 2093 831 2166 sint,
854 2093 933 2169 quod
946 2093 983 2152 ad
998 2093 1110 2169 aliquot

143 2192 175 2234 ao
194 2181 300 2240 abhinc
321 2199 413 2240 annos
436 2181 532 2240 adhuc
554 2200 613 2240 non
635 2182 792 2258 exspecto’

262 2270 356 2343 ‘Hac’,
385 2270 493 2346 inquit,
522 2273 598 2329 ‘arte
621 2270 695 2328 nihil
717 2272 802 2329 fieret
824 2271 917 2344 aliud,
945 2289 1033 2347 quam
1062 2289 1108 2343 ne,

194 2358 265 2417 dum
305 2359 430 2417 aliorum
475 2359 566 2418 furori
611 2359 725 2418 mederi
761 2360 882 2432 stude0,
926 2360 992 2436 ipse
1040 2378 1107 2418 cum

193 2447 253 2506 illis
275 2447 427 2506 insaniam.
472 2447 549 2506 Nam
572 2448 598 2506 si
620 2467 691 2507 vera
712 2449 794 2525 loqui
816 2449 890 2522 volo,
913 2449 983 2507 talia
1004 2449 1109 2525 loquar

193 2553 316 2595 necesse
348 2542 410 2611 est;
443 2542 574 2596 ceterum
606 2538 680 2595 falsa
712 2537 792 2614 loqui
824 2538 900 2596 sitne
931 2538 1107 2614 philosophi,

144 2637 176 2678 ao
194 2625 306 2684 nescio:
335 2633 415 2684 certe
442 2644 500 2685 non
523 2631 569 2684 est
591 2644 700 2684 meum.
746 2626 928 2704 Quamquam
951 2627 1002 2685 1111
1025 2644 1108 2685 meus

195 2731 291 2773 sermo
313 2719 347 2772 ut
369 2715 459 2773 1111111
481 2716 605 2774 fortasse
627 2715 760 2790 ingratus
778 2716 838 2773 11111
852 2722 941 2791 atque
956 2717 1106 2789 molestus,

194 2803 236 2862 ita
262 2821 320 2861 non
342 2803 440 2876 vide0,
472 2821 525 2862 cur
547 2804 641 2862 videri
669 2804 775 2863 debeat
802 2822 896 2881 usque
922 2804 960 2863 ad
983 2804 1107 2880 ineptias

194 2891 332 2950 insolens.
379 2890 490 2965 Quodsi
516 2899 568 2951 aut
590 2911 625 2951 ea
648 2893 786 2965 dicerem,
814 2911 889 2969 quac
916 2893 1002 2968 fingit
1024 2893 1106 2951 Plato

193 2980 224 3037 in
247 2998 301 3040 sua
323 2981 505 3057 Republica,
528 2988 580 3039 aut
603 3000 645 3056 ea,
669 3001 743 3058 quae
757 2982 869 3040 faciunt
881 2981 1057 3059 Vtopicnses
1076 2983 1107 3040 in

144 3082 255 3144 3111111,
283 3070 357 3129 haec
384 3088 562 3146 quamquam
585 3076 694 3145 essent,
718 3076 752 3129 ut
774 3075 854 3130 certe
878 3077 955 3144 sunt,
977 3072 1106 3144 meliora,

192 3164 290 3217 tamen
321 3159 414 3218 aliena
445 3159 540 3217 videri
571 3159 698 3234 possint,
731 3159 809 3236 quod
840 3159 890 3218 hic
924 3161 1106 3236 singulorum

192 3248 325 3323 privatae
348 3254 417 3306 sunt
429 3247 642 3324 possessiones,
665 3249 726 3307 illic
740 3248 837 3307 omnia
850 3255 919 3307 sunt
933 3249 1106 3307 communia.

190 3335 258 3395 Mea
285 3354 354 3395 vcro
383 3337 486 3410 oratio,
515 3337 573 3395 nisi
600 3338 679 3414 quod
706 3338 743 3395 ad
770 3355 828 3409 eos,
856 3338 908 3414 qui
935 3338 1107 3397 statuissent

193 3443 294 3484 secum
320 3442 406 3484 mere
434 3425 551 3484 diversa
577 3426 624 3484 via
650 3426 835 3503 praccipites,
864 3427 1011 3485 iucundus
1039 3445 1106 3487 esse

146 3526 175 3568 eo
192 3532 249 3573 non
281 3519 391 3590 potest,
424 3515 476 3591 qui
507 3522 626 3574 revocet
657 3535 691 3574 ac
722 3520 936 3591 praemonstret
967 3516 1105 3593 pericula,
