2512 4020
470 305 573 360 uonvs,
596 306 708 346 rrorm.
942 351 944 355 ,
1028 289 1068 348 93

155 482 227 542 Tam
258 482 344 541 facile
376 482 501 559 quodvis
532 483 564 540 in
596 482 710 541 facinus
742 483 899 559 impellunt
930 501 1070 542 munera:

155 572 261 648 quibus
288 572 334 629 illi
361 572 477 629 nullum
504 571 646 630 exhibent
672 572 806 644 modum,
837 571 890 630 sed
917 590 1071 646 memores,

153 661 185 719 in
215 666 356 737 quantum
387 659 546 719 discrimen
574 661 740 734 hortantur,
771 679 891 737 operam
913 661 997 735 dant,
1026 662 1072 720 uti

153 750 277 827 periculi
308 748 478 824 magnitudo
510 749 719 808 beneficiorum
749 751 825 809 mole
855 755 1071 825 compensetur,

122 852 248 915 seoque
277 856 335 896 non
364 838 540 896 immensam
567 839 653 897 modo
680 839 744 897 auri
767 839 841 912 vim,
872 838 925 897 sed
951 839 1071 915 praedia

155 946 272 1005 quoque
296 927 395 1002 magni
417 927 532 985 reditus
555 927 586 985 in
608 927 681 986 locis
695 928 775 1004 apud
789 927 898 986 amicos
913 927 1071 986 tutissimis

153 1017 273 1094 propria
299 1035 335 1074 ac
361 1022 505 1091 perpetua
531 1016 707 1093 pollicentur
729 1023 759 1075 ct
782 1034 897 1075 summa
919 1034 988 1074 oum
1010 1016 1071 1075 fide

154 1110 313 1183 praestant.
345 1104 433 1162 Hunc
454 1104 587 1163 licitandi
609 1105 818 1182 mercandique
841 1105 935 1164 hostis
958 1123 1070 1164 morem

153 1195 233 1271 apud
256 1194 328 1252 alios
351 1194 548 1269 improbatum
564 1195 647 1253 velut
668 1194 760 1252 animi
778 1194 935 1269 degeneris
951 1195 1071 1253 crudele

109 1297 136 1338 10
155 1284 269 1342 facinus
297 1282 341 1341 illi
369 1300 493 1357 magnae
522 1283 577 1342 sibi
600 1283 681 1342 laudi
702 1283 814 1341 ducunt
839 1288 978 1360 tanquam
1000 1302 1070 1359 pru-

154 1373 267 1447 dentes,
290 1372 342 1449 qui
363 1372 503 1430 maximis
526 1373 583 1430 hoc
596 1378 681 1448 pacto
696 1372 781 1431 bellis
796 1373 859 1430 sine
873 1372 934 1430 ullo
948 1390 1070 1448 prorsus

154 1461 266 1538 proelio
281 1461 485 1535 defungantur,
509 1462 687 1537 humanique
701 1480 736 1519 ao
749 1461 957 1520 misericordes
972 1461 1070 1534 etiam,

157 1551 207 1627 qui
229 1568 391 1627 paucorum
413 1567 485 1608 nece
507 1550 661 1609 noxiorum
684 1568 857 1609 numerosas
872 1549 1070 1609 innocentium

154 1640 231 1698 vitas
246 1639 400 1712 redimant,
415 1637 467 1714 qui
482 1639 640 1714 pugnando
656 1639 766 1697 fuerint
779 1639 948 1712 occubituri,
963 1638 1070 1714 partim

110 1741 135 1782 rs
156 1746 173 1787 e
197 1729 260 1788 suis
282 1728 390 1804 partim
413 1745 452 1786 ex
466 1728 609 1801 hostibus
632 1746 757 1804 qnorum
773 1729 889 1786 turbam
903 1728 1071 1804 vulgusque

153 1836 212 1876 non
239 1817 338 1875 miuus
364 1818 456 1876 ferme
486 1836 574 1894 quam
603 1835 672 1876 suos
699 1817 878 1876 miserantur
905 1817 990 1892 gnari
1012 1835 1071 1875 non

155 1925 208 1966 sua
232 1911 335 1982 sponte
358 1924 409 1964 eos
428 1906 538 1965 bellum
553 1924 716 1982 capessere,
740 1906 794 1965 sed
806 1906 974 1982 principum
988 1905 1026 1964 ad
1039 1905 1071 1964 id

152 1995 239 2054 huiis
257 1995 314 2070 agi.
352 1994 383 2054 Si
401 2013 451 2054 res
464 1995 521 2053 hoc
535 2000 621 2071 pacto
636 2013 695 2054 non
709 1995 857 2072 procedat,
881 1994 1070 2053 dissidiorum

154 2084 267 2143 semina
292 2084 401 2142 iacirmt
427 2085 568 2160 aiuntque
602 2085 693 2142 fratre
725 2084 866 2160 principis
894 2089 945 2142 aut
972 2083 1071 2160 aliquo

108 2185 171 2232 coe
200 2173 346 2231 nobilibus
378 2173 409 2231 in
442 2191 526 2250 spem
557 2173 690 2249 potiundi
723 2173 809 2248 regni
840 2173 992 2249 perducto.
1039 2171 1071 2232 Si

153 2262 295 2321 factiones
318 2262 450 2321 internae
467 2262 643 2337 languerint,
666 2262 806 2320 finitimas
819 2261 952 2320 hostibus
966 2266 1071 2336 gentes

155 2351 286 2411 excitant
309 2351 553 2427 committuntque
576 2356 659 2410 eruto
682 2355 798 2410 vetusto
821 2350 959 2428 quopiam
975 2350 1070 2423 titulo,

153 2441 257 2517 quales
279 2458 429 2516 nunquam
452 2441 573 2515 regibus
596 2440 711 2499 desunt.

221 2528 296 2588 Suas
314 2529 352 2587 ad
372 2530 481 2588 bellum
500 2547 571 2605 opes
593 2529 717 2605 polliciti
739 2528 896 2605 pecuniam
909 2528 1072 2587 adfluenter

108 2631 135 2673 ao
155 2623 327 2694 suggemmt,
354 2617 434 2677 cives
456 2618 639 2695 parcissime,
667 2636 742 2694 quos
765 2624 829 2676 tum
851 2617 939 2676 unice
962 2617 1071 2675 habent

153 2725 236 2766 caros
263 2707 394 2783 tantique
418 2725 485 2766 sese
507 2712 610 2766 mutuo
632 2707 756 2781 faciunt,
783 2712 818 2765 ut
840 2706 987 2765 neminem
1011 2705 1072 2764 sint

154 2796 257 2856 esuis
285 2814 353 2854 oum
384 2796 508 2855 adverso
538 2795 671 2872 principe
700 2796 826 2855 libenter
856 2795 1071 2854 commutaturi.

153 2887 193 2944 At
215 2903 320 2944 aurum
341 2890 563 2961 argentumque,
587 2885 724 2961 quoniam
737 2903 829 2942 unum
844 2885 924 2942 hunc
937 2883 968 2941 in
982 2901 1070 2942 usum

108 2987 136 3029 eo
154 2992 240 3034 omne
271 2978 401 3047 servant,
431 2973 510 3032 haud
538 2974 682 3048 gravatim
711 2978 846 3048 erogant,
878 2978 981 3049 utpote
1013 2990 1071 3031 non

152 3063 251 3122 miuus
281 3062 432 3122 commode
459 3062 581 3136 victuri,
611 3063 727 3121 etiamsi
756 3063 930 3121 universum
956 3061 1071 3137 impen-

153 3153 266 3211 derent.
321 3151 399 3224 Quin
430 3157 545 3227 praeter
576 3151 753 3210 domesticas
785 3151 903 3210 divitias
935 3155 982 3209 est
1010 3150 1072 3208 illis

152 3241 225 3300 loris
249 3259 365 3317 quoque
388 3240 522 3299 infinitus
536 3240 702 3314 thesaurus,
720 3258 777 3317 quo
796 3239 941 3317 plurimae
956 3245 1071 3315 gentes,

153 3331 196 3388 uti
226 3335 294 3388 autc
324 3329 400 3403 dixi,
432 3330 462 3386 in
494 3331 626 3405 ipsorum
658 3347 727 3388 aere
760 3335 837 3388 sunt.
882 3329 928 3388 Ita
959 3327 1072 3387 mihtes

152 3419 283 3495 undique
306 3419 467 3477 conductos
489 3419 527 3477 ad
550 3418 660 3477 bellum
683 3417 811 3493 mittunt,
835 3417 1008 3494 praesertim
1032 3435 1072 3476 ex

107 3521 136 3563 ss
153 3508 309 3585 Zapoletis.
