2512 4020
159 283 200 342 80
521 303 625 359 uonvs,
648 304 761 346 vrorra.

201 479 340 555 pleraque
350 498 418 555 pars
434 498 542 554 eorum,
558 481 609 557 qui
623 499 681 540 non
696 501 749 540 sua
763 483 858 542 solum
873 490 975 560 sponte
989 487 1126 562 accensi,

201 587 302 626 verum
327 575 445 627 senatus
469 588 585 646 quoque
608 570 727 630 decreto
748 571 824 645 ¹iussi
837 572 894 632 ista
907 573 962 633 sibi
976 575 1124 636 discenda

201 664 402 733 sumpsemnt,
432 677 449 716 e
481 676 603 718 numero
639 659 878 720 scholasticorum
912 664 1125 725 selectissimis

200 747 326 821 ingeniis
350 753 380 806 et
402 753 516 806 matura
532 753 626 806 aetate
639 749 764 810 fuerunt.
797 751 900 828 Itaque
913 752 1013 811 minus
1028 773 1123 830 quam

168 849 181 888 o
199 836 322 894 triennio
352 837 425 895 nihil
448 837 563 894 eratin
585 837 694 912 lingua,
717 839 795 915 quod
818 840 1001 917 requirerent
1024 843 1123 903 bonos

199 932 340 1000 auctrice,
363 926 422 985 nisi
441 926 536 984 obstet
549 925 616 984 libri
630 927 743 1001 menda,
766 928 909 989 inoffense
923 931 1122 1006 perlegerent.

198 1014 257 1073 Eas
279 1014 401 1087 litteras,
423 1021 456 1073 ut
478 1015 614 1091 equidem
630 1016 749 1089 conicio,
773 1018 809 1075 ob
823 1017 854 1074 id
867 1036 983 1096 quoque
997 1019 1121 1081 facilius

198 1104 398 1180 adripuerunt,
407 1105 484 1180 quod
492 1104 625 1162 nonnihil
634 1104 694 1164 illis
704 1112 803 1164 essent
812 1114 959 1181 cognatae.
974 1107 1123 1185 Suspicor
1165 1158 1168 1163 .

198 1193 276 1251 enim
291 1212 356 1252 eam
370 1199 489 1269 gentem
500 1213 518 1251 a
528 1192 648 1252 Graecis
662 1193 807 1270 originem
820 1195 950 1269 duxisse,
960 1204 1120 1274 propterea

154 1296 180 1336 ro
198 1282 275 1359 quod
292 1301 389 1341 sermo
402 1283 520 1341 illorum
531 1287 628 1340 cetera
641 1283 702 1342 iere
709 1284 847 1343 Persicus
856 1286 996 1344 nonnulla
1007 1285 1119 1348 Graeci

198 1372 340 1430 sermonis
363 1372 488 1446 vestigia
515 1378 614 1442 servet
640 1373 670 1429 iu
693 1372 809 1431 urbium
831 1392 867 1432 ao
888 1374 1119 1450 magistratuum

196 1462 353 1522 vocabulis
399 1461 516 1519 Habent
545 1479 583 1518 ex
613 1479 660 1518 me
690 1462 768 1536 (nam
799 1461 938 1522 librorum
969 1465 1119 1526 sarcinam

172 1571 175 1576 ·
196 1551 373 1609 mediocrem
396 1550 459 1608 loco
482 1549 622 1608 mercium
638 1557 740 1626 quarto
753 1551 943 1626 navigaturus
961 1552 991 1610 in
1006 1572 1118 1614 navem

197 1640 316 1713 conieci,
331 1640 409 1715 quod
423 1657 540 1697 mecum
550 1640 636 1714 plane
650 1639 835 1698 decreveram
850 1658 998 1718 nunquam
1013 1644 1118 1719 potius

152 1742 177 1783 15
196 1729 290 1787 redire
305 1747 393 1804 quam
409 1728 492 1803 oit0):
516 1728 646 1786 Platonis
665 1746 753 1804 opera
772 1729 922 1805 pleraque,
944 1730 1118 1793 Aristotelis

196 1818 293 1894 plura,
325 1818 560 1893 Theophrastum
583 1817 654 1874 item
678 1817 715 1875 de
737 1817 859 1892 plantis,
888 1818 941 1877 sed
967 1820 1117 1896 pluribus,

152 1919 216 1973 [iiija‘l
240 1907 318 1983 quod
333 1906 423 1980 doleo,
444 1907 473 1964 in
487 1907 559 1964 loois
573 1906 718 1964 mutilum.
748 1906 783 1964 Iu
796 1907 904 1965 librum
917 1908 1003 1982 enim,
1021 1909 1096 1968 dum
1109 1906 1112 1995 l

195 1997 414 2071 navigabamus,
441 1995 646 2070 neglegentius
669 1995 801 2053 habitum
824 1997 1043 2072 mmopifflecus
1068 1999 1116 2058 in·

195 2087 314 2157 ciderat,
342 2086 393 2162 qui
420 2084 575 2143 lasciuiens
598 2103 632 2142 ao
654 2084 834 2143 ludibundus
857 2086 978 2161 paginas
1000 2087 1115 2164 aliquot

149 2188 176 2230 20
194 2175 264 2234 hinc
286 2184 374 2251 atque
390 2174 459 2231 iude
473 2173 590 2231 evulsas
604 2172 749 2232 laceravit.
781 2173 828 2232 Ex
841 2174 887 2231 his
901 2175 952 2250 qui
967 2176 1117 2251 scripsere

194 2264 425 2340 grammaticam,
454 2263 610 2320 Lasoarem
634 2262 742 2320 habeut
764 2267 893 2337 tantum;
925 2263 1115 2326 Theodorum

194 2354 272 2412 enim
298 2370 356 2411 non
386 2351 491 2410 advexi
521 2369 638 2408 mecum
667 2369 721 2409 nec
750 2351 953 2410 dictionarium
980 2353 1114 2430 aliquem

193 2448 309 2519 praeter
329 2441 512 2515 Hesychium
535 2458 569 2498 ao
582 2439 789 2498 Dioscoridem.
823 2441 972 2499 Plutarchi
995 2441 1116 2504 libellos

194 2533 300 2591 habeut
324 2530 490 2589 carissimos
513 2534 543 2587 et
555 2529 679 2587 Luoiani
701 2547 817 2605 quoque
832 2530 945 2588 facetiis
959 2549 994 2588 ao
1009 2530 1115 2607 lepore

148 2634 174 2676 ao
193 2621 355 2697 capiuntur.
388 2619 435 2678 Ex
458 2618 552 2695 poetis
568 2618 676 2676 habent
689 2617 923 2694 Aristophanem,
946 2619 1115 2682 Homerum

192 2716 280 2786 atque
312 2708 498 2784 Euripidem,
533 2713 597 2765 tum
630 2706 803 2781 Sophoclem
835 2708 1007 2771 minusordis
1040 2710 1113 2770 Aldi

192 2799 340 2871 lormrdis3
364 2817 403 2857 ex
425 2796 571 2855 historicis
592 2795 794 2869 Thucydidem
817 2802 904 2872 atque
926 2797 1114 2880 Horodotum

192 2907 245 2948 neo
277 2906 336 2946 non
365 2886 572 2945 Herodianum.
619 2883 695 2957 Quin
726 2884 757 2942 in
786 2903 818 2943 re
848 2885 961 2944 medica
991 2905 1114 2964 quoque

193 2977 300 3037 sodalis
321 2995 404 3035 meus
421 2975 534 3034 Trioius
549 2973 692 3050 Apinatus
715 2974 872 3032 advexerat
895 2992 994 3033 secum
1017 2995 1114 3051 parva

146 3080 173 3122 ao
192 3067 334 3144 quaedam
349 3064 538 3142 Hippocratis
554 3063 696 3139 opuscula
709 3081 743 3120 ao
757 3061 973 3122 Microteohnen
988 3063 1113 3143 Galeni;

191 3174 264 3233 quos
286 3155 377 3213 libros
400 3172 506 3229 magno
530 3153 560 3210 in
583 3152 675 3228 pretio
698 3152 817 3222 habent,
842 3151 867 3208 si
890 3152 1021 3227 quidem,
1052 3157 1111 3214 etsi

191 3245 321 3304 omnium
344 3245 407 3302 iere
430 3243 564 3319 gentium
586 3259 618 3300 re
641 3239 753 3298 medica
775 3237 894 3297 minime
917 3249 1012 3315 egent,
1036 3261 1112 3302 nus·

191 3353 278 3412 quam
302 3339 400 3392 tamen
422 3333 452 3391 in
476 3332 584 3391 maiore
606 3331 714 3388 honore
737 3333 783 3385 est
804 3326 852 3385 rel
875 3345 908 3385 eo
931 3329 1004 3404 ipso,
1028 3335 1112 3407 quod

190 3425 253 3483 eius
277 3422 473 3497 cognitionem
500 3424 654 3479 numerant
680 3416 756 3474 inter
782 3415 994 3490 pulcherrimas
1018 3427 1112 3496 atque

145 3527 171 3568 ao
192 3511 360 3571 utilissimas
384 3519 483 3587 partes
505 3505 715 3586 philosophiae,
733 3502 816 3561 ouius
835 3521 890 3578 ope
903 3505 1112 3584 philosophiae
