2512 4020
144 294 162 355 6
499 307 604 365 nouus,
628 310 739 352 110111.

186 486 388 564 Hythlodeum
415 494 503 564 atque
530 489 651 562 efficias,
681 506 718 545 ne
746 488 903 564 quiequam
927 487 996 547 buia
1020 489 1103 564 operi

187 595 253 636 meo
274 583 327 639 aut
348 577 418 638 insit
440 577 505 637 lalei
528 584 580 638 aut
597 577 660 637 veri
676 577 868 637 desideratur.
906 579 1005 654 Atque
1022 576 1102 636 haud

187 667 256 741 seio,
278 685 315 726 an
328 672 458 744 praestet
473 667 572 743 ipsum
588 667 615 725 ei
631 666 736 726 librum
755 666 880 726 ostendi.
912 666 988 726 Nam
1006 684 1105 742 neque

186 756 263 815 alirrs
290 770 381 832 aeque
410 756 526 828 suffieit,
557 755 581 814 si
605 755 683 831 qnod
705 760 834 815 erratum
856 761 914 829 est,
945 755 1104 831 corrigere,

156 858 283 921 tueque
311 845 338 903 is
365 845 429 921 ipse
456 845 541 908 aliter
563 845 618 902 hoo
645 851 795 920 praestare
822 849 935 920 potest,
963 863 1052 921 quam
1077 844 1104 902 si

188 951 262 1010 <puae
277 939 346 993 sumt
359 952 376 992 a
389 951 437 994 me
452 933 560 1010 scripta
570 932 735 1010 perlegerit.
773 933 819 992 Ad
833 934 907 992 haee
920 933 981 1003 fiet,
1002 934 1105 993 uthoe

188 1028 272 1098 panto
295 1023 456 1097 intellegas,
479 1022 639 1099 aooipiatue
661 1022 786 1082 libenter
807 1041 844 1080 an
865 1023 1010 1099 gravatim
1026 1023 1104 1083 terat

188 1112 243 1170 hoo
269 1111 366 1188 operis
388 1130 406 1171 a
428 1130 476 1171 me
502 1111 654 1170 oonsoribi.
700 1111 814 1187 Nempe
843 1111 868 1172 si
896 1129 964 1171 suos
986 1111 1106 1173 labores

188 1200 319 1259 decrerit
335 1200 399 1276 ipsa
414 1201 553 1261 mandare
567 1200 680 1272 litteris,
704 1200 777 1259 nolit
792 1201 916 1261 fortasse
932 1218 981 1261 me
995 1203 1106 1278 (neque

146 1304 170 1343 11
189 1308 244 1365 ego
276 1296 355 1348 oerte
386 1290 487 1365 velim)
516 1289 723 1369 Vtopiensium
755 1307 808 1365 per
839 1307 887 1348 me
918 1289 1039 1366 vulgata
1071 1307 1105 1349 re

188 1378 305 1455 publica
327 1379 430 1438 florem
453 1379 496 1437 illi
519 1379 701 1456 gratiamque
720 1378 858 1437 1111111111
874 1378 1014 1439 historiae
1030 1394 1106 1438 suae

188 1468 363 1544 praeripere.
416 1465 612 1543 Quamquam,
645 1472 678 1528 ut
706 1485 776 1526 vere
808 1467 918 1540 dicam,
949 1485 1006 1527 neo
1036 1466 1106 1545 ipae

189 1575 304 1616 meeum
319 1557 398 1616 satis
421 1557 517 1618 adhue
530 1557 677 1630 constitui,
700 1556 807 1615 ausim
824 1555 941 1615 omnino
958 1555 1105 1617 editurae.

189 1647 306 1707 Etenim
322 1653 382 1709 tam
398 1646 479 1709 varia
502 1652 571 1706 sunt
593 1645 689 1722 palata
711 1645 885 1718 mortalium,
908 1650 969 1704 tam
987 1663 1108 1705 morosa

148 1749 171 1789 11
190 1736 372 1812 qrromndarn
394 1735 523 1810 ingenia,
551 1742 610 1794 tarn
632 1734 739 1810 ingrati
761 1734 865 1807 animi,
892 1739 953 1793 tarn
975 1734 1104 1795 absurda

189 1825 305 1898 iudicia
327 1831 361 1885 ut
384 1842 452 1884 oum
475 1824 521 1883 his
543 1824 622 1885 haud
645 1825 732 1900 paulo
754 1823 870 1883 felicius
893 1822 942 1899 agi
960 1822 1107 1897 rideatur,

190 1914 239 1990 qui
262 1914 380 1973 iuormdi
403 1919 490 1990 atque
514 1913 620 1972 hilares
642 1913 728 1988 genio
751 1912 906 1988 indulgent
929 1930 990 1985 suo,
1014 1931 1104 1990 quam

190 2003 240 2079 qul
271 2010 364 2065 semet
397 2008 546 2063 maoerant
574 2002 666 2075 omis,
697 2008 731 2062 ut
757 2002 846 2061 edant
867 2001 992 2079 aliquid,
1024 2001 1106 2078 quod

189 2093 254 2155 aliis
276 2100 328 2153 aut
349 2091 566 2152 fastidientibus
589 2096 640 2150 aut
662 2091 786 2166 ingratis
801 2092 849 2151 rel
871 2090 990 2151 utilitati
1009 2091 1108 2167 possit

145 2195 172 2236 ao
190 2199 257 2241 ease
284 2182 332 2240 vel
354 2180 505 2257 voluptati.
551 2179 673 2238 Plurimi
701 2179 815 2239 litteras
841 2179 990 2253 nesciunt,
1018 2179 1107 2239 multi

190 2277 394 2343 contemnunt3
417 2271 558 2329 barbarus
580 2274 614 2326 nt
636 2268 742 2327 durum
765 2267 855 2341 reicit,
878 2267 1023 2345 quidquid
1046 2287 1106 2328 non

147 2372 227 2426 [111111]
249 2367 296 2419 est
313 2360 399 2437 plane
418 2353 421 2441 Ι
438 2360 606 2433 barbamm3
631 2357 713 2417 soioli
727 2363 921 2433 aspernantur
933 2363 967 2417 111
979 2357 1108 2432 triviale,

191 2449 334 2527 quidquid
348 2449 484 2509 obsoletis
495 2447 596 2507 >verbis
612 2466 670 2506 non
687 2452 795 2521 scatet;
815 2446 991 2523 quibusdam
1008 2447 1106 2506 solum

191 2540 307 2615 placent
322 2545 427 2611 vetera,
443 2537 591 2615 plerisque
600 2542 715 2596 tantum
730 2554 790 2596 sua.
824 2535 953 2596 Hirtam
966 2531 1108 2596 taetriom

146 2642 172 2682 aa
191 2635 245 2700 est,
268 2634 302 2685 ut
325 2646 383 2688 non
404 2626 540 2687 admittat
561 2627 647 2697 iocos
674 2625 723 2684 hio
744 2629 805 2683 tarn
828 2624 968 2697 insidens,
990 2631 1024 2685 ut
1047 2643 1107 2685 non

126 2732 132 2741 '¹
190 2717 266 2776 ferat
288 2717 380 2791 sales3
405 2722 464 2775 tam
489 2715 555 2775 simi
579 2715 697 2791 quidam
715 2720 792 2787 sunt,
816 2719 850 2773 ut
865 2731 968 2772 nasum
987 2732 1105 2774 omnem

191 2806 272 2864 velut
300 2823 409 2882 aquarn
443 2806 478 2864 ab
498 2803 610 2863 rabido
642 2821 759 2862 morsus
795 2821 866 2863 oane
898 2803 1107 2879 reformidare

189 2895 264 2954 adeo
293 2894 415 2953 mobiles
445 2893 495 2952 alii
525 2898 607 2963 sunt,
637 2898 670 2951 ut
699 2891 779 2951 aliud
807 2892 945 2951 sedantes
971 2893 1107 2968 probent,

191 2983 272 3041 aliud
295 2990 412 3042 stantes.
453 2982 492 3041 Hi
517 2982 620 3040 sedent
642 2981 672 3038 in
696 2981 827 3040 tabernis
850 2989 880 3040 et
902 2981 979 3039 inter
1001 2981 1110 3058 poeula.

147 3087 174 3126 ao
192 3072 229 3130 de
252 3072 425 3149 scriptorum
448 3071 578 3130 iudicant
595 3070 721 3145 ingeniis
740 3088 905 3147 magnaque
924 3088 992 3129 oum
1006 3076 1107 3131 auoto-

192 3161 279 3220 ritate
293 3161 494 3231 condemnant,
509 3167 668 3237 utrumque
682 3159 798 3219 libitum
812 3167 866 3234 est
881 3159 943 3218 suis
957 3178 1108 3237 quemque

193 3250 311 3326 seriptis
333 3249 424 3308 veluti
452 3248 584 3325 capilioio
607 3249 791 3323 vellicantes,
821 3250 879 3326 ipsi
905 3248 1020 3309 interim
1049 3249 1106 3308 tuti

193 3346 231 3411 et,
255 3339 333 3415 quod
356 3338 413 3398 diei
438 3338 520 3410 solet,
543 3335 604 3411 ἔξω
628 3339 749 3410 βέλους,
772 3339 881 3415 quippe
896 3344 956 3398 tam
975 3338 1058 3399 leves
1075 3345 1109 3397 et

192 3429 288 3488 abrasi
318 3427 461 3504 undique,
491 3433 524 3485 ut
551 3444 588 3484 ne
615 3427 710 3502 pilum
737 3428 857 3503 quidem
883 3427 1011 3487 babeant
1039 3427 1108 3486 boui

147 3518 257 3579 311111.
281 3536 339 3594 quo
362 3517 476 3593 possint
493 3515 682 3592 apprehendi.
720 3516 793 3574 Srrnt
812 3522 962 3591 praeterea
986 3515 1107 3594 quidam
