2512 4020
505 339 610 392 nosve,
633 337 746 380 vrorm.
1044 321 1108 380 109

194 522 365 576 commeant.
398 516 473 575 Tum
495 517 536 575 ita
560 534 591 576 se
614 517 774 589 conlocant,
797 521 832 575 ut
844 515 987 592 cuiusque
1001 515 1109 576 domus

192 605 313 665 maseuli
341 612 409 664 ante
431 610 545 681 patrem
571 605 696 664 familias
724 604 904 679 consideant,
932 603 1107 664 feminarum

192 700 286 754 mater
314 693 448 761 familias
467 712 574 769 agmen
601 694 725 754 claudat.
771 693 816 752 Ita
843 692 1031 770 prospicitur,
1062 693 1109 753 uti

191 801 292 842 omnes
314 782 444 841 omnium
458 789 560 858 gestus
573 783 645 842 foris
659 784 697 842 ab
706 782 753 841 his
767 783 966 855 observentur,
981 801 1106 859 quorum

159 872 364 932 aauctnntate
395 871 474 931 domi
505 891 540 931 ac
569 871 723 948 disciplina
756 877 914 947 regrmtur3
948 871 1019 948 quin
1051 873 1108 930 hoc

156 972 226 1026 mutu]
248 979 366 1038 quoque
389 961 475 1020 sedu-
492 954 495 1043 l
511 961 667 1035 locarent,
690 961 734 1019 uti
752 960 847 1019 iunior
860 960 900 1019 ibi
914 961 1024 1037 passim
1039 978 1105 1019 oum

193 1049 306 1108 seniore
328 1049 489 1126 copuletur,
513 1069 551 1108 ne
573 1050 659 1126 pueri
673 1050 773 1126 pueris
791 1049 896 1108 crediti
914 1049 947 1108 id
966 1049 1108 1125 temporis

191 1138 353 1215 puerilibus
371 1138 535 1214 transigant
553 1139 681 1215 ineptiis,
703 1139 735 1196 in
753 1156 812 1215 quo
826 1139 964 1198 deberent
978 1138 1108 1198 maxime

191 1227 360 1303 religiosum
387 1245 457 1302 erga
480 1245 604 1304 superos
626 1234 745 1301 metum,
772 1227 935 1285 maximum
958 1245 991 1286 ac
1014 1245 1109 1304 prope

147 1329 173 1370 10
191 1317 310 1376 unicum
337 1316 494 1376 virtutibus
521 1316 743 1376 incitamentum
775 1317 937 1392 concipere.
982 1315 1105 1375 Nullum

191 1404 299 1464 animal
321 1405 352 1464 in
376 1405 525 1465 sacrificiis
553 1411 682 1464 mactant
704 1423 760 1465 nec
783 1405 924 1480 sanguine
947 1411 1050 1464 rentur
1072 1423 1108 1464 ac

165 1522 167 1527 ·
192 1494 329 1553 caedibus
351 1493 489 1554 divinam·
504 1493 632 1570 gaudere
654 1494 847 1567 clementiam,
871 1494 1026 1570 quiritem
1044 1494 1107 1553 aui-

191 1583 337 1642 mantibus
366 1583 431 1642 ideo
463 1589 509 1642 est
537 1582 692 1658 elargitus,
724 1589 757 1642 ut
786 1583 925 1642 viverent.
971 1582 1032 1642 Tus
1061 1583 1108 1642 in·

191 1672 321 1731 cendunt
352 1679 382 1732 et
412 1672 469 1731 alia
497 1673 570 1732 item
600 1672 802 1748 odoramenta,
835 1673 872 1731 ad
902 1673 974 1732 haec
1006 1690 1108 1732 cereos

147 1774 173 1814 15
191 1778 362 1819 numerosos
389 1763 570 1837 praeierunt,
600 1779 659 1821 non
682 1761 760 1838 quod
783 1762 856 1820 haec
878 1761 1010 1821 nesciant
1032 1761 1107 1819 nihil

190 1850 228 1908 ad
256 1849 385 1909 divinam
412 1851 543 1910 conferre
571 1856 717 1924 naturam,
747 1850 855 1927 quippe
883 1855 917 1909 ut
943 1869 999 1910 nee
1025 1850 1107 1927 ipsas

189 1939 341 1998 hominum
357 1957 469 2015 preces,
492 1939 543 1999 sed
558 1945 588 1998 et
601 1939 752 1999 innoxium
766 1938 880 1998 colendi
893 1957 988 2015 genus
1002 1939 1107 2016 placet,

189 2034 220 2088 et
246 2028 294 2087 his
324 2028 462 2088 odoribus
489 2029 708 2105 luminibusque
737 2047 771 2088 ao
798 2028 903 2088 ceteris
930 2028 1018 2087 etiam
1041 2046 1106 2088 cae-

84 2181 86 2187 ,
155 2121 158 2126 '
189 2117 320 2176 rimoniis
343 2117 444 2177 neseio
467 2117 611 2194 quomodo
630 2125 700 2177 sese
724 2121 857 2178 sentiunt
878 2117 1012 2176 homines
1032 2117 1105 2192 erigi

144 2216 172 2258 to
190 2212 278 2282 atque
310 2206 340 2264 in
372 2206 428 2265 Dei
464 2207 577 2265 cultum
613 2206 710 2266 auimo
743 2207 882 2266 alacriore
919 2224 1106 2281 consurgere.

191 2293 330 2353 Candidis
351 2295 382 2354 in
405 2296 515 2372 templo
534 2295 664 2354 vestibus
687 2295 823 2354 amicitur
841 2295 984 2372 p,opulus;
1009 2313 1105 2354 sacer-

191 2382 244 2442 dos
262 2383 452 2444 versicolores
474 2385 606 2443 induitur
627 2390 657 2443 et
679 2403 766 2461 opere
790 2390 820 2443 et
841 2385 934 2443 forma
946 2384 1106 2455 mirabiles,

190 2470 312 2531 mateu'a
347 2491 405 2532 non
441 2474 562 2550 perinde
599 2473 742 2549 pretiosa:
787 2492 882 2550 neque
919 2473 997 2531 enim
1034 2491 1106 2531 auro

190 2560 320 2620 intextae
341 2568 393 2621 aut
415 2563 489 2621 raris
503 2568 720 2638 coagmentatae
733 2562 888 2639 lapidibus,
913 2562 964 2620 sed
978 2561 1107 2621 dirersis

145 2662 171 2703 25
190 2649 288 2709 avium
317 2650 427 2726 plumis
457 2657 518 2710 tam
548 2651 621 2711 scite
650 2657 788 2728 tantoque
815 2651 938 2710 artificio
960 2650 1107 2710 laboratae

168 2745 272 2809 sunt,
288 2738 336 2798 'ut
362 2741 459 2817 operis
487 2740 615 2817 pretium
643 2741 753 2800 nullius
780 2738 942 2800 aestimatio
969 2740 1107 2798 materiae

190 2828 278 2887 fuerit
306 2835 473 2905 aequatum.
519 2829 566 2888 Ad
596 2830 651 2889 hoo
680 2830 710 2888 in
737 2830 796 2888 illis
818 2829 971 2888 voluenun
1001 2829 1107 2905 pennis

190 2916 358 2995 plumisque
381 2923 411 2977 et
434 2919 521 2977 certis
543 2937 644 2978 earum
659 2919 817 2992 ordinibus,
841 2918 947 2995 quibus
965 2917 996 2975 in
1011 2935 1107 2976 sacer·

191 3005 268 3065 dotis
282 3013 364 3067 veste
380 3007 626 3082 discriminantur,
645 3026 751 3066 areana
765 3008 906 3084 quaedam
922 3007 1024 3065 dicunt
1038 3025 1107 3065 oon·

145 3106 173 3147 ao
192 3093 277 3153 tineri
301 3097 450 3170 mysteria,
475 3115 599 3173 quornm
622 3097 861 3173 interpretatione
883 3095 1007 3171 cognita,
1031 3114 1108 3172 quae

191 3200 245 3259 per
274 3186 420 3244 sacrificos
452 3185 608 3261 diligenter
641 3185 778 3259 traditur,
811 3185 978 3244 divinorum
1009 3185 1040 3242 in
1073 3203 1107 3243 se

190 3273 397 3333 beneficiorum
428 3293 558 3351 suaeque
585 3274 714 3333 vicissim
744 3275 861 3352 pietatis
890 3274 922 3332 in
949 3274 1044 3333 Deum
1071 3292 1107 3332 ac

189 3362 285 3421 mutui
309 3381 424 3440 quoque
447 3364 523 3422 inter
546 3382 578 3423 se
601 3363 690 3422 officii
712 3363 932 3424 admoneantur.

258 3451 332 3512 Cum
356 3452 484 3528 primum
508 3452 644 3512 sacerdos
666 3454 707 3512 ita
730 3460 850 3511 ornatus
873 3471 911 3512 ex
935 3452 1023 3526 adpto
1041 3469 1108 3510 sese

145 3551 173 3593 3⁵
191 3541 285 3616 offert,
298 3541 396 3602 cuncti
405 3541 538 3618 protinus
547 3542 577 3600 in
587 3547 694 3601 terram
703 3541 900 3601 venerabundi
910 3541 1108 3617 procumbunt
