2512 4020
497 328 601 384 11011113,
625 327 738 368 1110113.
908 302 910 307 ’
1051 309 1098 367 ,97

189 509 344 584 fugientes,
366 511 400 566 ut
422 525 480 565 non
503 524 592 564 unam
614 505 731 564 interim
754 505 809 564 sub
824 503 916 579 signis
929 503 1102 562 instructam
1187 508 1189 511 ’

189 599 280 656 aciem
310 596 465 668 retineant,
495 595 567 654 adeo
595 594 651 652 nisi
681 593 787 653 ceteris
819 592 948 669 superati
970 593 1102 669 partibus

185 692 333 763 postrema
356 684 419 744 acie
443 702 496 743 sua
518 683 675 742 victoriam.
693 681 793 758 adepti
816 681 883 754 sint,
906 681 980 740 elabi
1003 682 1102 758 potius

185 777 286 834 hostes
311 774 465 832 universos
488 773 592 847 sinant,
618 790 706 848 quam
729 770 846 847 insequi
868 771 1014 845 fugientes
1037 789 1102 847 per-

153 879 166 919 s
185 863 310 923 turbatis
326 880 447 921 suorum
461 861 612 920 ordinibus
629 861 808 919 insuescant
820 877 967 918 memores
987 859 1103 919 sibimet

187 953 265 1011 haud
299 952 393 1009 semel
422 968 479 1008 usu
509 950 638 1023 venisse,
668 955 702 1008 ut
730 949 806 1008 mole
835 949 925 1007 totius
956 949 1104 1007 exercitus

187 1041 268 1099 victa
300 1039 529 1116 profligataque,
561 1057 629 1103 01111
660 1040 760 1097 hostes
790 1037 911 1096 victoria
941 1038 1103 1113 gestientes

187 1130 243 1187 hac
257 1134 345 1205 atque
360 1128 428 1186 illac
442 1128 583 1186 abeuntes
596 1132 852 1203 persequerentur,
870 1126 958 1202 pauci
971 1126 1104 1203 ipsorum

187 1218 218 1276 in
242 1216 381 1276 subsidiis
404 1216 556 1290 conlocati,
579 1216 616 1276 ad
635 1216 803 1276 occasiones
816 1215 930 1289 intenti,
954 1214 1104 1291 dispersos

144 1320 169 1360 10
188 1325 222 1365 33
246 1306 379 1383 palantes
401 1305 468 1364 illos
491 1311 521 1365 01
536 1311 726 1382 praesumpta
740 1304 897 1364 securitate
911 1305 1104 1379 neglegentes

189 1396 228 1454 de
250 1400 370 1471 repente
392 1394 486 1452 adorti
509 1393 599 1453 totius
626 1399 765 1453 eventum
790 1393 894 1470 proelii
916 1399 1105 1452 mutaverunt

189 1489 361 1560 extortaque
384 1501 400 1542 e
424 1483 558 1542 manibus
580 1483 639 1548 iam
662 1488 744 1542 certa
763 1488 794 1542 01
807 1482 971 1541 indubitata
984 1481 1105 1541 victoria

190 1573 260 1631 victi
283 1573 409 1631 victores
431 1572 558 1631 invicem
581 1572 726 1631 vicerunt.

255 1661 343 1723 Haud
356 1660 442 1720 lacile
458 1661 539 1719 dictu
555 1666 609 1734 est,
627 1660 784 1720 astutiores
798 1660 976 1726 instruendis
988 1660 1105 1718 insidiis

146 1765 172 1807 13
191 1769 228 1809 31
252 1750 397 1809 cautiores
419 1750 457 1809 ad
480 1750 614 1809 vitandas
637 1750 730 1808 sient:
753 1751 854 1825 lugam
872 1767 975 1826 parare
993 1749 1106 1823 credas,

190 1857 257 1898 cum
285 1838 358 1897 nihil
385 1839 485 1897 minus
511 1839 542 1897 in
569 1839 667 1897 animo
694 1839 818 1915 habent3
848 1844 956 1912 contra,
984 1857 1052 1897 cum
1073 1838 1105 1896 id

189 1928 303 1988 consilii
326 1928 455 2004 capiunt,
478 1928 558 1992 nihil·
575 1927 673 1986 minus
695 1927 823 2002 cogitare
845 1932 940 2003 putes
979 1927 1055 1986 Nam
1079 1928 1105 1986 31

187 2017 312 2076 nimium
342 2035 409 2076 sese
439 2017 572 2076 sentiunt
600 2021 652 2075 aut
680 2034 802 2082 numero
831 2021 882 2074 aut
908 2016 972 2074 loco
1002 2018 1104 2093 premi,

187 2112 260 2165 111113
291 2110 343 2164 311
372 2111 461 2164 noctu
491 2105 609 2180 agmine
642 2105 748 2165 silente
780 2111 876 2164 033113
906 2111 1025 2165 movent
1053 2111 1106 2164 311

143 2207 169 2247 20
187 2196 285 2271 aliquo
316 2199 521 2269 stratagemate
547 2193 671 2253 eludunt
698 2199 749 2253 aut
774 2194 904 2253 interdiu
930 2194 972 2253 ita
995 2195 1105 2254 sensim

189 2301 254 2341 sese
268 2285 400 2342 referunt
412 2283 464 2342 tali
479 2288 593 2342 servato
607 2283 716 2358 ordine,
739 2288 772 2341 ut
794 2301 850 2342 non
868 2283 968 2342 minus
982 2284 1106 2360 periculi
1130 2300 1132 2304 ⁴

192 2371 231 2429 sit
253 2372 389 2430 cedentes
413 2391 502 2448 quam
523 2373 668 2432 instantes
689 2372 805 2432 adoriri.
828 2369 831 2451 1

146 2470 203 2524 11131
256 2459 358 2518 Castra
387 2461 612 2537 diligentissime
640 2461 843 2520 communiunt
869 2462 948 2520 fossa
976 2462 1106 2538 praealta
1211 2495 1213 2498 >

189 2548 318 2624 lataque,
346 2554 424 2608 terra
450 2568 526 2626 quae
548 2550 677 2626 egeritur
699 2551 858 2611 introrsum
880 2550 997 2609 reiecta.
1042 2550 1106 2610 Nec

146 2648 172 2690 ‘25
190 2637 221 2694 in
245 2655 310 2695 eam
332 2656 395 2696 rem
422 2657 510 2714 opera
537 2639 778 2703 mediastinorum
806 2645 943 2715 utuntur3
973 2639 1104 2716 ipsorum

190 2725 324 2784 manibus
354 2727 481 2785 militum
510 2746 560 2787 res
589 2729 699 2804 agitur,
730 2733 868 2805 totusque
897 2729 1045 2788 exercitus
1074 2729 1105 2787 in

190 2831 277 2890 opere
299 2820 345 2874 est
367 2817 501 2892 exceptis
524 2816 575 2894 qui
595 2836 648 2894 pro
669 2818 745 2876 vallo
767 2817 798 2875 in
820 2817 910 2877 amnis
932 2818 970 2877 ad
994 2817 1105 2876 subitos

190 2921 276 2962 casus
291 2905 446 2964 excubant.
475 2905 579 2982 Itaque
597 2912 658 2966 tam
672 2906 775 2966 multis
788 2906 985 2966 adnitentibus
998 2925 1106 2982 magna

189 2992 374 3069 multumque
395 2994 532 3071 amplexa
554 2995 611 3053 loci
632 2995 816 3055 munimenta
838 2996 917 3054 omni
937 2996 997 3055 fide
1018 2996 1105 3054 citius

144 3094 171 3134 ao
190 3081 354 3157 perficiunt.

256 3171 355 3230 Armis
385 3177 509 3230 utuntur
537 3173 576 3232 ad
606 3173 796 3250 excipiendos
825 3173 902 3233 ictus
931 3173 1025 3232 firmis
1051 3193 1106 3233 100

188 3259 225 3317 ad
253 3265 365 3318 motum
392 3265 548 3334 gestumve
575 3261 736 3338 quemlibet
761 3262 883 3339 ineptis,
912 3263 986 3322 adeo
1014 3267 1105 3321 utne

189 3348 315 3407 natando
339 3348 457 3425 quidem
480 3350 603 3410 molesta
625 3351 762 3410 sentiant.
798 3351 875 3410 Nam
888 3352 993 3410 armati
1007 3357 1105 3411 natare

189 3437 264 3497 inter
300 3437 436 3498 1111113113
482 3439 654 3516 disciplinae
693 3441 859 3500 rudimenta
900 3446 1104 3500 consuescunt.

145 3537 171 3576 36
190 3525 259 3585 Tela
288 3532 356 3586 sunt
383 3527 500 3587 eminus
527 3529 663 3604 sagittae,
694 3547 767 3607 quas
795 3529 936 3589 acerrime
964 3530 1106 3588 simulet

199 3642 247 3686 Lat.
262 3645 470 3689 Litteraturdenlrm.
485 3647 518 3690 11.
929 3633 944 3684 7
