2512 4020
512 327 616 380 uorans,
640 319 753 367 vrorrl.
1092 313 1110 369 5

193 503 346 578 egregiam
375 503 531 579 aliquando
559 499 675 578 frugem
706 522 805 581 spero,
835 504 865 562 111
896 523 1035 580 magnum
1065 523 1112 564 me

196 591 322 651 coniecit
335 592 466 667 dubium,
480 593 505 650 si
520 593 640 669 quidem
655 611 731 664 cum,
746 599 889 670 quantum
902 612 956 669 ego
969 594 1112 667 recordor,

195 680 383 754 Hythlodeus
397 682 558 740 narraverit
572 682 790 741 Amaurotieum
809 682 894 740 illum
909 689 1035 759 pontem,
1054 693 1112 760 quo

196 769 305 828 fluvius
325 771 464 845 Anydros
481 770 660 842 insternitur,
684 772 858 848 quingentos
876 772 984 853 babere
1006 789 1112 847 passus
1200 789 1202 794 ·

158 872 178 912 5
196 858 229 916 in
242 858 372 934 longum,
387 859 511 918 Ioannes
525 876 609 918 meus
622 860 663 918 ait
672 859 867 919 detrahendos
880 878 946 919 esse
956 861 1111 920 ducentos:

195 947 382 1007 latitudinem
395 947 525 1007 fluminis
540 948 617 1007 haud
634 967 722 1024 supra
735 955 883 1008 trecentos
897 949 939 1007 ibi
953 950 1111 1008 continere.

196 1036 260 1111 Ego
283 1043 314 1095 te
337 1055 415 1112 rog0,
438 1055 500 1096 rem
524 1043 557 1096 ut
579 1056 698 1096 revoces
720 1038 751 1096 in
774 1031 951 1097 memoriam
979 1038 1065 1097 Nam
1088 1039 1113 1097 si

197 1131 230 1184 tu
254 1144 322 1183 eum
340 1126 390 1184 illo
405 1127 505 1198 sentis,
528 1144 583 1202 ego
599 1144 716 1203 quoque
729 1127 879 1185 adsentiar
892 1133 922 1186 et
935 1145 983 1186 me
996 1123 1112 1204 lapsum

198 1215 329 1288 credam,
355 1215 400 1273 sin
423 1215 488 1291 ipse
512 1234 569 1274 non
592 1215 710 1289 recolas,
735 1216 868 1289 scribam,
891 1221 925 1274 ut
947 1217 1011 1290 ieci,
1034 1216 1112 1293 quod

145 1316 179 1357 10
198 1303 263 1379 ipse
286 1304 432 1362 recordari
455 1304 556 1363 1111001
582 1304 671 1380 1111111;
700 1323 767 1362 nam
791 1310 824 1364 ut
846 1305 974 1364 maxime
997 1307 1112 1377 curabo,

197 1410 236 1450 ne
259 1392 331 1468 quid
354 1393 393 1451 sit
415 1393 445 1450 in
467 1393 541 1452 libro
564 1393 638 1467 falsi,
662 1394 710 1467 ita,
735 1394 759 1451 si
775 1394 846 1471 quid
865 1394 904 1452 sit
921 1394 952 1451 in
966 1394 1112 1469 ambigrro,

143 1523 148 1530 -
195 1481 295 1558 potius
317 1481 503 1541 mendacium
525 1482 621 1541 dicam
645 1501 733 1558 quam
754 1483 886 1553 mentiar,
911 1477 989 1560 quod
1011 1483 1112 1542 malim

197 1571 292 1629 bonus
322 1589 389 1629 esse
412 1589 500 1648 quam
523 1572 662 1648 prudens
708 1571 891 1648 Quamquam
915 1572 1001 1630 facile
1024 1573 1113 1630 luerit

197 1660 257 1718 hoc«
276 1659 388 1719 mederi
410 1662 519 1734 morb0,
544 1661 568 1719 si
592 1679 631 1720 ex
647 1661 797 1736 Raphaele
818 1661 883 1737 ipso
901 1666 953 1719 aut
972 1679 1112 1737 praesens

149 1761 178 1802 15
198 1748 356 1807 sciscitetis
385 1755 436 1808 aut
463 1768 517 1825 per
543 1750 665 1823 litteras,
693 1750 771 1826 quod
800 1768 938 1823 necesse,
954 1755 1000 1809 est
1022 1750 1112 1809 facias

195 1837 243 1895 vel
274 1838 311 1895 ob
340 1837 438 1896 alium
459 1840 643 1914 scrupulum,
676 1839 727 1915 qui
755 1839 838 1897 nobis
865 1839 980 1912 incidit,
1013 1839 1112 1898 nescio

197 1944 301 1984 meane
325 1927 413 2002 culpa
434 1928 529 2002 magis
552 1946 589 1986 an
612 1933 664 1986 tua
685 1946 723 1985 an
746 1928 904 2003 Raphaelis
927 1928 1030 2004 ipsius.
1147 2005 1149 2010 .

265 2015 340 2073 Nam
364 2034 459 2092 neque
482 2017 565 2075 nobis
583 2016 614 2074 in
628 2023 754 2076 mentem
770 2017 849 2075 venit
863 2033 1002 2094 quaerere
1015 2035 1112 2093 neque

196 2104 241 2162 1111
264 2104 369 2178 dicere,
393 2124 450 2182 qua
472 2105 503 2163 in
525 2111 608 2181 parte
630 2107 699 2163 novi
720 2106 801 2164 illius
829 2106 907 2164 orbis
925 2105 1033 2181 Vtopia
1056 2106 1112 2165 sita

144 2207 178 2248 20
198 2205 276 2258 [aiiija]
301 2193 347 2252 sit.
380 2193 463 2267 Quod
478 2213 536 2253 non
550 2194 642 2253 fuisse
656 2201 784 2270 praeter·
796 2189 798 2277 1
811 2195 936 2253 missum
950 2195 1111 2253 sic'vellem

196 2283 328 2359 proiecto
352 2283 492 2341 mediocri
514 2284 638 2360 pecunia
660 2303 727 2342 mea
749 2284 943 2360 redemptum,
966 2284 1014 2342 vel
1030 2285 1112 2361 'quod

196 2371 347 2447 suppudet
369 2372 493 2444 nescire,
518 2391 575 2449 quo
598 2373 629 2430 in
652 2373 725 2430 muri
749 2373 787 2431 sit
800 2373 904 2447 insula,
922 2373 959 2432 de
977 2392 1035 2450 qua
1051 2379 1112 2431 tam

196 2461 290 2519 multa
317 2479 498 2535 recenseam,
526 2462 574 2520 rel
603 2462 681 2537 quod
709 2471 778 2520 sunt
805 2461 883 2537 apud
907 2479 959 2520 nos
981 2480 1059 2520 unus
1083 2468 1112 2520 et

196 2550 278 2623 alter,
302 2549 354 2608 sed
377 2568 453 2608 unus
477 2551 613 2624 maxime,
637 2551 682 2609 vir
700 2551 767 2627 pius
786 2557 817 2609 et
834 2551 1013 2627 professione
1030 2551 1111 2609 theo-

145 2653 177 2693 21
196 2639 296 2716 logos,
328 2639 379 2715 qui
406 2640 480 2698 miro
507 2639 612 2715 flagrat
634 2640 779 2698 desiderio
801 2640 953 2698 adeundae
976 2639 1111 2716 Vtopiae,

189 2746 256 2786 vnon
277 2727 357 2786 inani
381 2734 410 2786 et
433 2729 547 2787 curiosa
575 2729 694 2787 libidine
719 2729 919 2787 conlustrandi
946 2733 1029 2802 nova,
1058 2730 1112 2788 sed

196 2817 241 2876 1111
268 2816 439 2892 religionem
469 2824 598 2876 nostram
630 2818 755 2876 feliciter
781 2818 821 2876 ibi
851 2823 983 2893 coeptam
1015 2817 1113 2877 foveat

196 2912 286 2983 atque
308 2906 461 2981 adaugeat.
504 2905 588 2979 Quod
612 2925 670 2983 quo
693 2907 780 2965 iaciat
802 2907 867 2976 rite,
890 2907 1021 2965 decrevit
1043 2913 1111 2966 ante

197 3013 308 3069 curare,
332 3000 365 3053 ut
387 2996 520 3054 mittatur
537 3015 554 3053 a
569 2997 710 3055 Pontifire
733 3001 822 3073 atque
845 2994 918 3054 adeo
940 3001 974 3054 ut
997 3002 1112 3073 creetur

146 3098 178 3138 a]
197 3084 409 3160 Vtopiensibus
432 3084 601 3161 episeopuS,
626 3085 698 3143 nihil
721 3103 755 3144 eo
779 3085 917 3162 scrupulo
940 3085 1111 3157 retardatus,

197 3173 277 3249 quod
307 3173 362 3232 boc
388 3174 563 3232 antistitium
591 3175 630 3232 sit
655 3174 699 3232 illi
726 3174 862 3250 precibus
885 3173 1110 3251 impetrandum.

197 3261 314 3339 Quippe
344 3269 478 3321 sanctum
509 3263 590 3321 ducit
619 3264 769 3335 ambitum,
801 3281 889 3338 quem
913 3282 970 3322 non
994 3262 1111 3322 honoris

194 3359 248 3410 aut
271 3357 412 3428 quaestus
439 3351 522 3425 ratio,
553 3352 607 3410 sed
636 3352 754 3428 pietatis
781 3358 933 3428 respectus
956 3352 1110 3430 pepererit.

265 3439 462 3514 Quamobrem
489 3448 518 3501 te
546 3459 604 3514 oro,
632 3442 673 3499 mi
698 3443 795 3514 Petre,
824 3441 867 3500 uti
889 3446 940 3500 aut
962 3440 1110 3516 praesens,

150 3543 178 3584 aa
198 3530 223 3590 si
246 3536 331 3606 potes
346 3530 505 3602 commode,
529 3536 580 3589 aut
594 3532 699 3589 absens
713 3548 767 3607 per
781 3529 937 3606 epistulam
951 3529 1111 3606 compelles
