2512 4020
153 305 215 366 108
509 323 613 377 nonus,
636 322 748 363 vrorm.

150 510 228 565 [mitta]
252 500 441 576 cogitationes
463 500 574 576 disper·
595 498 598 580 l
619 518 699 575 gere,
722 500 852 576 parciore
869 518 904 559 ac
922 499 1003 559 velut
1021 500 1112 560 dubia

194 589 300 665 conligi
329 589 442 649 animos
469 595 500 649 et
525 589 638 648 intendi
667 589 839 665 religionem
868 593 981 665 putant.
1028 588 1111 662 Quae

194 679 331 754 quoniam
353 696 411 737 non
434 684 481 737 est
501 678 543 737 ibi
565 678 644 755 apud
667 695 768 737 omnes
791 678 894 737 eadem
910 683 941 737 et
954 678 1110 739 universae

193 773 289 826 tamen
317 766 381 826 eins
410 767 519 826 formae
547 784 723 843 quamquam
746 767 844 826 variae
871 785 905 826 ac
928 767 1109 843 multiplices

162 869 174 910 o
192 855 223 913 in
246 856 361 914 <honae
383 861 504 914 naturae
518 856 631 915 cultum
644 855 768 915 velutin
782 873 874 914 unum
888 857 978 915 finem
991 855 1110 915 diversa

194 944 243 1003 via
266 944 465 1019 commigrant,
488 944 596 1004 idcirco
619 944 691 1002 nihil
713 944 744 1002 in
766 944 886 1021 templis
901 944 1006 1003 m'situr
1025 945 1109 1003 andi-

192 1039 290 1107 torve,
318 1033 396 1109 quod
423 1052 480 1092 non
508 1033 651 1110 quadrare
680 1033 717 1091 ad
745 1040 865 1093 cunctas
894 1033 925 1091 in
953 1051 1109 1093 commune

166 1130 169 1136 ’
193 1122 335 1181 videatur.
381 1122 411 1182 Si
442 1122 520 1199 quod
550 1121 711 1199 proprium·
733 1122 772 1181 sit
802 1122 977 1199 cuiusquam
1009 1127 1109 1182 sectae

193 1229 317 1285 sacrum,
345 1211 375 1268 id
402 1211 478 1270 intra
505 1211 681 1270 domesticos
708 1211 835 1288 quisque
865 1211 992 1288 parietes
1014 1217 1108 1285 curat,

149 1313 174 1354 10
192 1300 308 1376 publica
337 1300 389 1359 tali
418 1307 565 1376 peragunt
593 1299 709 1366 ordine,
739 1301 789 1378 qui
817 1300 892 1358 nulli
918 1317 1040 1376 pmrsus
1069 1318 1108 1359 ex

192 1389 315 1465 privatis
346 1389 474 1464 deroget.
528 1389 632 1466 Itaque
666 1389 747 1449 nulla
778 1389 899 1448 deorum
931 1388 1045 1463 effigies
1077 1389 1107 1447 in

191 1478 302 1554 templo
324 1477 511 1554 conspicitur,
535 1497 592 1554 quo
614 1478 737 1537 liberum
751 1478 858 1554 cuique
872 1478 918 1551 sit,
941 1496 1000 1555 qua
1012 1479 1107 1536 forma

192 1567 287 1625 Deum
319 1567 391 1626 velit
419 1585 435 1626 e
466 1585 581 1626 summa
611 1567 753 1642 religione
785 1567 952 1642 concipere3
990 1567 1106 1625 nullum

191 1655 338 1731 peculiare
367 1656 422 1714 Dei
453 1674 559 1715 nomen
590 1656 737 1729 invocant,
770 1657 823 1715 sed
854 1655 989 1730 Mythrae
1021 1654 1107 1714 dum-

148 1757 173 1799 15
192 1750 281 1818 taxat,
305 1762 362 1820 quo
376 1745 515 1803 vocabulo
539 1745 636 1804 cuncti
659 1745 690 1803 in
713 1763 801 1803 unam
815 1745 931 1804 divinae
944 1744 1107 1804 maiestatis

175 1833 332 1906 namnam,
356 1851 558 1910 quaecumque
581 1834 620 1893 sit
636 1833 695 1906 illa,
718 1833 901 1910 conspirant3
926 1833 1023 1892 nullae
1037 1852 1106 1892 con·

192 1921 340 1998 cipiuntur
353 1941 464 1998 preces,
487 1941 560 1999 quas
580 1941 638 1981 non
652 1922 840 1999 p1onuntiare
854 1922 949 1999 quivis
963 1922 1107 1982 inoffensa

192 2029 245 2070 sua
268 2017 347 2070 secta
369 2012 469 2087 possit.
501 2012 548 2070 Ad
564 2011 708 2088 templum
724 2030 794 2087 ergo
807 2011 838 2069 iu
852 2011 988 2070 finilestis
1002 2011 1107 2070 diebus

161 2108 164 2113 ’
191 2117 313 2176 vespere
336 2100 513 2159 conveniunt
534 2101 631 2159 adhuc
653 2100 753 2173 ieiuni,
776 2101 867 2159 acturi
888 2100 950 2160 Deo
973 2100 1011 2159 de
1029 2119 1106 2158 anno

147 2201 173 2242 ao
191 2207 337 2262 menseve,
360 2189 444 2248 cuim
467 2189 498 2247 id
511 2190 618 2249 festum
633 2195 798 2266 postremus
814 2189 879 2248 dies
892 2195 947 2263 est,
965 2200 1107 2265 prospere

158 2288 160 2291 “
190 2283 254 2337 acto
286 2278 411 2354 gratias3
443 2285 560 2355 postero
592 2278 640 2337 die
672 2281 750 2354 (nam
780 2278 806 2337 is
837 2278 1020 2354 primifestus
1050 2280 1106 2353 est)

191 2385 275 2426 mane
298 2367 335 2425 ad
358 2367 467 2443 templa
489 2367 653 2440 confluitur,
677 2373 710 2426 ut
732 2367 914 2444 insequentis
936 2367 1005 2426 anni
1023 2385 1107 2426 men·

176 2456 281 2530 *sisve‚
310 2474 398 2532 quem
425 2457 461 2515 ab
489 2456 538 2514 illo
565 2456 743 2533 auspicaturi
770 2457 844 2516 festo
873 2456 944 2530 sint,
975 2456 1106 2515 faustum

190 2545 364 2621 felicemque
388 2562 557 2604 successum
579 2557 810 2622 comprecentur.
846 2547 886 2604 At
907 2545 938 2603 in
961 2545 1107 2617 finilestis‚

146 2645 172 2687 25
191 2639 276 2692 antea
299 2652 387 2710 quam
409 2634 552 2711 templum
573 2640 685 2711 petunt,
708 2652 817 2694 uxores
833 2634 911 2694 domi
924 2634 962 2693 ad
977 2633 1106 2692 tirorum

191 2723 290 2798 pedes,
312 2723 397 2781 liberi
419 2723 457 2782 ad
479 2729 635 2799 parentum
658 2723 803 2800 provoluti
826 2741 965 2800 peccasse
978 2724 1108 2783 latentur

192 2828 256 2870 sese
278 2818 328 2870 aut
350 2812 478 2871 admisso
501 2812 598 2888 aliquo
621 2819 672 2871 aut
694 2812 789 2871 officio
816 2812 1006 2888 indiligenter
1027 2811 1106 2871 obito

191 2900 365 2977 veniamque
388 2901 475 2960 errati
497 2907 663 2977 precantur.
699 2901 751 2974 Ita,
776 2902 800 2960 si
824 2920 882 2978 qua
905 2919 937 2960 se
960 2901 1107 2960 nubecula

191 2988 366 3048 domesticae
389 2990 545 3049 simultatis
569 2991 721 3064 offudemt,
744 2991 795 3049 tali
819 2990 1017 3050 satisfactione
1043 2991 1105 3049 dis·

146 3078 308 3151 mentitur,
332 3078 376 3137 uti
398 3079 495 3138 animo
518 3098 592 3155 puro
614 3098 649 3138 ac
673 3097 776 3138 sereno
795 3080 943 3139 sacrificiis
961 3079 1106 3139 intersint.

190 3166 266 3225 Nam
293 3167 435 3227 interesse
458 3168 574 3226 turbido
597 3168 699 3244 religio
721 3174 782 3244 est;
810 3186 903 3245 eoque
927 3169 986 3227 odii
1009 3168 1106 3228 iraeve

190 3255 220 3313 in
244 3274 421 3333 quemqnam
442 3257 497 3316 sibi
510 3257 619 3316 conscii
639 3257 696 3316 nisi
710 3257 887 3316 reconciliati
899 3276 934 3316 ac
947 3257 1107 3317 defaecatis

191 3344 352 3403 adfectibus
379 3346 416 3403 ad
444 3346 586 3405 sacrificia
614 3364 672 3404 non
700 3347 839 3421 ingerunt
866 3365 931 3406 sese
959 3347 1107 3406 sindictae

93 3470 95 3474 ι
191 3432 295 3491 celeris
324 3453 507 3511 magnaeque
535 3441 623 3494 metu.
668 3435 711 3493 Eo
739 3454 806 3494 cum
830 3436 963 3510 veniunt,
992 3435 1048 3494 riri
1074 3435 1106 3494 in

145 3535 172 3576 aa
191 3522 325 3581 dextram
349 3523 461 3582 delubri
480 3529 603 3600 partem,
626 3525 752 3583 feminae
767 3542 899 3584 seorsum
912 3526 943 3582 in
958 3524 1108 3585 sinistram
