2512 4020
149 308 188 365 14
506 324 610 379 morire,
633 324 747 365 vrorrn.

187 501 337 577 negotium
359 502 543 575 lacesserem,
567 502 715 578 publicam
737 520 799 560 rem
819 502 893 560 nihil
907 519 1104 578 promoveam.

188 591 319 648 Primum
334 591 411 649 euim
427 591 574 667 principes
590 591 649 666 ipsi
662 590 797 667 plerique
813 608 914 650 omnes
928 590 1105 649 militaribus

189 679 308 752 studiis,
345 697 470 756 quorum
501 698 555 755 ego
591 697 686 756 neque
720 680 854 755 peritiam
885 680 977 739 habeo
1010 697 1105 756 neque

188 768 329 842 desidero,
343 768 480 827 libentius
495 775 675 844 occupantur
689 788 777 844 quam
792 769 874 828 bonis
888 769 969 845 pacis
984 769 1105 840 artibus

156 857 341 934 omaiusque
368 857 460 916 multo
488 856 618 917 studium
644 862 702 930 est,
733 857 839 934 quibus
867 858 962 916 modis
985 874 1038 933 per
1061 858 1106 915 las

188 965 222 1004 ac
244 947 327 1006 nefas
350 965 424 1005 nova
448 947 502 1006 sibi
524 965 615 1022 regna
628 947 749 1023 pariant,
773 965 862 1022 quam
876 947 918 1005 uti
933 952 1016 1023 parta
1032 947 1106 1005 bene

188 1035 398 1094 administrent.
437 1036 591 1094 Praeterea
614 1035 791 1112 quicumque
814 1035 933 1110 regibus
949 1054 966 1093 a
983 1035 1107 1094 oonsilio

189 1130 265 1197 sunt,
289 1142 387 1183 eorum
412 1143 497 1183 nemo
515 1131 569 1198 est,
593 1125 644 1201 qui
662 1141 721 1182 non
744 1130 795 1183 aut
810 1142 878 1183 vere
891 1130 1007 1183 tantum
1020 1125 1107 1200 sapit,

188 1218 221 1271 ut
244 1231 301 1272 non
324 1220 416 1289 egeat,
440 1220 490 1273 aut
512 1219 626 1272 tantum
649 1213 703 1272 sibi
728 1231 830 1289 sapere
844 1213 968 1286 ridetur,
991 1218 1025 1272 ut
1048 1231 1107 1271 non

147 1316 171 1355 m
189 1302 277 1361 libeat
306 1303 425 1361 alterius
455 1303 576 1378 probare
607 1302 775 1375 consilium,
808 1302 863 1360 nisi
895 1302 973 1378 quod
1003 1303 1108 1360 absur-

189 1391 318 1450 dissimis
350 1392 513 1468 quibusque
541 1391 626 1450 dictis
653 1391 855 1450 adsentirmtur
881 1397 911 1450 et
938 1392 1109 1467 supparasi-

189 1485 287 1538 tantm·
300 1499 409 1552 eorum,
427 1499 500 1557 quos
514 1486 548 1539 ut
561 1481 704 1540 maximae
719 1480 797 1556 apud
815 1480 977 1557 principem
995 1480 1110 1554 gratiae

192 1569 309 1628 student
337 1569 534 1628 adsentatione
557 1570 699 1628 demereri
723 1570 786 1628 sibi.
831 1569 871 1629 ut
893 1575 971 1628 certe
995 1569 1039 1628 sic
1062 1576 1109 1628 est

190 1666 292 1716 natura
306 1665 513 1735 comparatum,
536 1665 570 1718 ut
584 1677 638 1717 sua
656 1659 763 1736 cuique
780 1658 897 1717 inventa
911 1658 1110 1717 blandiantur.

146 1759 171 1799 15
190 1746 239 1806 Sic
270 1753 299 1806 et
331 1765 417 1806 corvo
450 1766 522 1806 suus
554 1747 668 1806 adridet
700 1748 813 1824 pulluS,
845 1753 875 1806 et
902 1765 975 1805 suus
1003 1747 1111 1806 simiae

189 1836 303 1894 catulus
326 1835 429 1913 placet.
474 1836 586 1909 Quodsi
608 1837 675 1913 quis
697 1837 727 1894 in
750 1837 800 1895 illo
823 1842 908 1895 coetu
931 1836 978 1894 vel
1003 1836 1110 1895 alienis

188 1925 380 1988 invidentium
394 1925 441 1984 vel
456 1926 680 2002 praeferentium
695 1944 746 1984 sua
760 1925 871 2002 aliquid
884 1925 1004 1998 adferat,
1028 1927 1111 2002 quod

189 2021 240 2073 aut
262 2013 327 2072 aliis
350 2015 531 2091 temporibus
553 2016 662 2073 iactum
690 2015 761 2090 legit
787 2020 838 2074 aut
860 2014 925 2073 aliis
949 2013 1012 2073 fieri
1036 2014 1112 2073 locis

189 2103 278 2176 vidit,
314 2103 355 2162 ibi
387 2104 437 2180 qui
468 2104 592 2162 audiunt
623 2103 743 2180 perinde
779 2110 886 2179 agunt,
918 2121 952 2161 ao
985 2103 1010 2161 si
1048 2109 1111 2163 tota
1160 2145 1162 2151 -

144 2203 172 2245 ao
191 2191 347 2268 sapientiae
371 2210 441 2251 suae
464 2192 677 2268 periclitaretur
699 2193 808 2270 opinio,
838 2199 868 2251 et
890 2197 957 2268 post
979 2191 1032 2251 illa
1054 2211 1112 2268 pro

191 2281 288 2340 stultis
316 2281 402 2357 plane
430 2281 488 2340 sint
515 2281 653 2355 habendi,
680 2282 736 2340 nisi
759 2281 869 2359 aliquid
893 2281 1042 2340 sufficiant
1063 2281 1112 2340 in-

189 2369 295 2443 venire,
328 2370 405 2446 quod
437 2371 467 2428 in
498 2371 622 2429 aliorum
650 2371 777 2429 inventis
806 2375 921 2429 vertant
949 2370 1028 2429 vitio.
1076 2370 1112 2430 si

190 2464 286 2518 cetera
313 2459 479 2533 destinant,
507 2467 572 2518 tum
598 2461 657 2518 huc
679 2460 864 2535 confugiunt:
895 2459 967 2519 haec
990 2459 1111 2534 nostrie,

189 2547 333 2625 inquiunt,
343 2549 479 2624 placuere
488 2549 655 2623 maioribus,
665 2567 790 2625 quorum
798 2549 983 2625 prudentiam
994 2549 1111 2608 utinam

145 2649 172 2690 as
191 2655 244 2696 nos
282 2645 489 2714 aequarcmus3
526 2638 625 2714 itaque
662 2638 717 2696 hoc
753 2638 830 2696 dicto
861 2637 953 2696 veluti
989 2639 1112 2714 egregie

190 2731 323 2802 perorata
333 2746 364 2785 re
374 2726 536 2785 considunt.
566 2727 718 2804 Tanquam
732 2745 872 2802 magnum
887 2725 926 2785 sit
935 2726 1110 2803 periculum,

146 2826 224 2880 [buna]
250 2815 274 2874 si
298 2816 365 2892 quis
383 2815 443 2874 ulla
460 2816 490 2873 in
504 2834 536 2874 re
559 2815 793 2893 deprehendatur
815 2815 903 2874 maio·
924 2812 928 2895 1
949 2815 1031 2874 ribus
1045 2817 1111 2896 suis

191 2904 355 2980 sapientior,
369 2905 502 2982 aquibus
515 2911 613 2964 tamen
628 2911 662 2964 ut
674 2905 803 2982 quidque
818 2905 928 2981 optime
941 2905 1116 2965 eonsrdtum'

191 2998 248 3066 est,
275 2993 316 3053 ita
342 2994 517 3070 aequissimo
544 2994 640 3053 animo
663 2994 759 3053 valere
782 2993 919 3052 sinimus:
948 2999 979 3053 at
1001 2994 1028 3054 si
1050 3013 1111 3072 qua

145 3094 173 3134 ao
191 3081 228 3140 de
250 3100 281 3140 re
304 3083 399 3159 potuit
422 3083 532 3142 consuli
556 3083 739 3160 prudentius,
763 3101 827 3142 eam
850 3083 984 3160 protinus
1005 3099 1110 3143 ansam

191 3170 295 3247 cupide
318 3172 467 3248 adreptum
491 3172 637 3231 mordicus
660 3170 834 3232 retinemus!
858 3171 973 3250 'Itaque
988 3171 1021 3231 in
1035 3173 1111 3233 haec

192 3261 328 3336 superba,
358 3261 485 3320 absruda
512 3279 546 3319 ac
569 3279 683 3320 morosa
708 3260 816 3320 iudicia
830 3265 907 3321 'cum
928 3277 1018 3343 scopo
1038 3261 1111 3323 alibi
1169 3310 1174 3321 .

191 3354 254 3406 tum
279 3349 370 3408 semel
392 3349 424 3407 in
447 3349 552 3425 Anglia
575 3368 690 3427 quoque
712 3349 818 3410 incid!

259 3437 413 3511 ‘Obsecro’‚
436 3438 564 3515 inquam,
588 3438 677 3498 ‘bristi
699 3439 779 3517 apud
792 3438 877 3501 nosl’
896 3436 1109 3519 &2:111th

145 3539 173 3580 eo
192 3528 286 3604 ‘atque
308 3528 420 3605 aliquot
433 3545 549 3587 menses
566 3527 604 3585 ibi
619 3546 685 3587 sum
700 3526 1110 3613 versatummuhffi

922 3722 927 3767 Ι
945 3692 1031 3757 aaa
1058 3698 1174 3767 .r.-··'3³'.·i
