2512 4020
506 309 610 364 uonvs,
634 308 746 350 vrorm.
1066 290 1106 350 27

190 487 289 547 miuus
319 505 336 547 e
365 505 397 546 re
428 486 544 564 publica
579 486 667 545 fuerit
701 504 797 564 neque
832 487 928 562 magis
958 486 1109 558 iniustum,

191 595 280 653 quam
308 577 333 647 si
355 594 436 634 nunc
460 575 539 634 idem
567 576 662 649 fieret,
691 594 747 635 nec
773 575 868 634 ullum
894 576 1005 634 interea
1027 575 1109 633 nasci

144 677 200 731 [rja]
215 683 254 724 ex
272 683 307 724 ea
324 683 358 724 re
376 670 474 742 potest
491 664 663 741 periculum.
686 662 773 738 ,Quin
791 664 864 723 mihi
883 669 961 723 certe
972 664 1109 723 videntur

191 772 310 813 errones
346 772 462 831 quoque
498 754 536 812 ad
572 754 697 812 eundem
733 753 854 813 modum
886 771 944 812 non
980 752 1108 831 pessime

157 842 321 917 stracten,
348 843 380 901 iu
407 861 481 919 quos
508 843 651 902 hactenus
678 836 739 901 tam
761 842 862 901 multis
885 841 971 901 editis
993 842 1110 917 legibus

190 932 265 991 nihil
284 933 486 1008 promovimus
508 932 635 990 tamen.''
672 932 753 990 Haec
775 932 826 990 ubi
849 931 923 990 dixit
945 931 1109 1003 cardinalis,

191 1038 267 1099 quae
290 1039 338 1080 me
360 1026 498 1080 narrante
520 1026 754 1097 contempserant
771 1038 881 1094 omnes,
904 1020 1007 1079 eadem
1024 1037 1110 1078 nemo

191 1128 249 1169 non
272 1110 405 1169 certatim
427 1110 564 1168 laudibus
586 1116 633 1168 est
655 1115 837 1187 prosecutus,
860 1109 988 1168 maxime
1010 1113 1108 1167 tamen

190 1199 265 1258 illud
287 1199 324 1258 de
346 1199 505 1272 erronibus,
529 1199 666 1275 quoniam
688 1199 744 1257 hoc
766 1199 802 1256 ab
817 1199 882 1275 ipso
895 1198 1041 1257 adiectum
1055 1202 1109 1256 est.

146 1301 173 1342 ro
190 1287 308 1361 Nescio,
330 1307 368 1346 an
382 1306 457 1364 quae
480 1294 550 1347 sunt
573 1294 675 1348 secuta
698 1288 785 1347 silere
807 1287 1002 1364 praestiterit:
1026 1291 1109 1345 erant

192 1377 272 1436 enim
301 1377 441 1452 ridicula3
473 1377 526 1436 sed
554 1378 678 1436 narrabo
705 1383 818 1436 tamen:
848 1395 916 1436 nam
943 1381 1109 1435 nouerant

191 1467 269 1525 mala
292 1472 323 1525 et
344 1465 457 1542 aliqmd
487 1466 524 1524 ad
552 1466 629 1525 hanc
655 1485 719 1525 rem
747 1466 940 1542 pertinebant.
985 1466 1109 1523 Astabat

191 1556 267 1614 forte
298 1555 446 1631 parasitus
476 1555 612 1631 quidam,
645 1556 696 1631 qui
725 1554 820 1613 videri
850 1555 968 1613 volebat
999 1553 1110 1612 imitari

191 1644 365 1718 morionem,
396 1643 450 1702 sed
472 1644 514 1703 ita
537 1643 705 1718 simulabat,
733 1650 767 1703 ut
788 1644 907 1721 propior
929 1660 1000 1701 vero
1022 1648 1110 1715 esset,

147 1738 253 1792 ratam
284 1732 401 1808 frigidis
431 1733 519 1792 dictis
547 1738 668 1808 captans
697 1734 804 1808 risum,
834 1739 868 1792 ut
896 1733 962 1808 ipse
991 1732 1110 1808 saepius

192 1840 282 1898 quam
304 1821 382 1883 dicta
406 1840 459 1881 sua
481 1822 635 1882 rideretur.
672 1821 855 1881 Excidebant
877 1821 989 1880 homini
1011 1826 1110 1878 tamen

190 1911 341 1969 interdum
363 1911 508 1987 quaedam
529 1911 602 1970 adeo
625 1929 682 1970 non
698 1911 832 1984 absurda,
855 1917 890 1969 ut
903 1910 992 1968 fidem
1006 1910 1110 1984 adagio

191 2000 322 2058 facerent
344 2001 446 2059 crebro
468 2000 547 2059 iactu
562 2000 620 2059 iaci
637 2000 793 2077 aliquando
807 2000 962 2058 Venerem.
992 1999 1024 2057 Is
1038 2017 1110 2074 ergo

191 2088 309 2148 dicente
336 2089 503 2165 quodame
532 2089 664 2148 convivis
691 2089 750 2148 iam
779 2107 845 2148 meo
874 2106 1007 2147 sermone
1034 2089 1111 2146 bene

145 2189 173 2230 20
191 2177 345 2254 provisum
367 2195 434 2236 esse
456 2179 569 2237 furibus
591 2183 680 2255 atque
695 2197 713 2238 a
726 2178 873 2237 cardinale
887 2178 975 2237 etiam
991 2183 1109 2235 cautim
1203 2197 1206 2205 ·

192 2267 229 2325 de
238 2265 398 2340 erronibus,
412 2273 524 2326 restare
539 2286 626 2338 nunc,
637 2267 679 2325 uti
688 2268 736 2326 his
745 2272 898 2343 praeterea
909 2267 1111 2325 consuleretur

191 2355 365 2432 publicitus,
395 2374 469 2432 quos
496 2356 534 2415 ad
561 2360 723 2431 egestatem
751 2357 871 2415 morbus
898 2361 949 2415 aut
972 2360 1111 2413 senectus

190 2444 361 2521 impulisset
373 2450 462 2521 atque
475 2446 513 2504 ad
528 2445 652 2518 labores,
663 2445 743 2504 unde
753 2445 813 2503 vivi
822 2446 923 2522 possit,
932 2443 1110 2503 reddidisset

191 2533 326 2609 impotes
349 2532 465 2608 “Sine'',
488 2534 592 2611 inquit,
620 2537 699 2594 “me:
729 2553 797 2593 nam
819 2553 874 2610 ego
898 2539 928 2593 et
950 2534 1007 2592 hoc
1029 2538 1111 2591 recte

145 2633 173 2676 aa
192 2627 227 2681 ut
248 2622 300 2681 fiat
322 2622 433 2682 videro.
477 2623 597 2682 Etenim
623 2624 679 2682 hoc
706 2642 801 2699 genus
828 2623 979 2681 hominum
1002 2620 1111 2680 misere

193 2710 280 2787 cupio
301 2711 400 2788 aliquo
424 2731 440 2771 e
464 2719 623 2789 conspectu
650 2713 763 2771 amoliri
789 2730 869 2771 meo:
899 2712 941 2770 ita
964 2729 1011 2769 me
1034 2711 1110 2768 male

192 2808 339 2860 vexarimt
371 2818 476 2877 saepe,
508 2820 575 2860 cum
608 2803 742 2878 quenrlis
770 2802 832 2860 illis
861 2799 1111 2878 opplorationibus

192 2889 358 2965 flagitarent
367 2891 529 2966 pecuniam,
540 2908 613 2967 quas
623 2909 772 2967 nunquam
780 2896 881 2949 tamen
889 2896 949 2948 tam
960 2888 1112 2948 commode

192 2984 352 3055 potuerunt
374 2979 520 3054 occinere,
548 2986 582 3038 ut
604 2998 757 3038 nummum
780 2999 798 3040 a
819 2998 868 3038 me
891 2983 1111 3054 extorquerent,

145 3079 174 3121 ³0
193 3067 303 3144 quippe
326 3086 445 3144 semper
466 3068 599 3127 alterum⁴
612 3069 717 3142 evenit,
741 3074 775 3127 ut
792 3074 843 3128 aut
862 3086 920 3127 non
935 3068 1025 3126 libeat
1040 3067 1111 3125 dare

193 3162 244 3215 aut
270 3174 308 3215 ue
335 3155 423 3216 liceat
446 3157 578 3233 quidem,
609 3158 725 3234 quando
748 3158 824 3216 nihil
846 3163 892 3216 est
914 3156 992 3234 quod
1015 3156 1111 3214 detur.

193 3244 296 3322 Itaque
310 3264 389 3304 nunc
403 3252 562 3322 coeperunt
577 3264 696 3324 sapere3
717 3265 784 3305 nam
799 3265 836 3305 ne
845 3246 971 3322 perdant
985 3263 1111 3321 operam,

192 3333 244 3392 ubi
274 3353 321 3393 me
351 3336 509 3412 praeterire
537 3336 650 3409 vident,
680 3335 917 3413 praetermittunt
944 3334 1040 3393 taciti:
1071 3335 1112 3392 ita

193 3423 359 3483 nihilame
383 3430 501 3500 sperant
523 3424 659 3500 amplius⁷
682 3442 740 3483 non
762 3425 884 3483 hercule
907 3423 1001 3499 magis
1022 3442 1111 3499 quam

146 3511 221 3573 3ῦεὶ
248 3529 345 3573 essem
376 3513 522 3573 sacerdos
568 3513 628 3573 Sed
657 3513 724 3572 illos
752 3532 806 3588 ego
834 3513 985 3572 mendicos
1009 3514 1112 3571 omnes
