2512 4020
109 281 111 285 ’
150 284 191 343 24
508 301 611 357 1181118,
635 302 747 343 118111.

192 477 312 554 notavi,
331 479 474 556 populum
501 497 595 556 neque
623 480 764 556 exiguum
788 497 882 556 neque
909 479 1110 555 imprudenter

192 568 360 627 institutum
381 573 418 641 et,
441 568 499 627 nisi
522 569 600 644 quod
623 570 763 628 tributum
784 569 939 645 quotannis
952 568 1109 627 Persarum

192 657 293 733 pendit
314 657 385 732 regi,
408 663 504 716 cetera
526 657 651 716 liberum
671 677 705 717 88
719 658 781 716 suis
795 658 973 734 permissum
986 657 1108 733 legibus.

193 745 330 806 Ceterum
348 746 484 822 quoniam
503 747 589 822 longe
602 748 638 806 ab
653 747 727 805 mari
745 747 893 805 montibus
910 747 972 805 1818
985 746 1109 805 circum-

160 836 252 894 adati
284 840 313 894 et
345 853 415 894 suae
446 840 540 894 terrae
576 836 658 894 nulla
690 836 725 894 in'
753 854 786 894 18
817 836 945 910 maligne
981 836 1110 894 contenti

191 924 335 984 fructibus
364 942 459 1001 neque
485 925 594 983 adeunt
621 925 694 984 alios
721 943 808 1001 saepe
835 942 930 1001 neque
957 924 1108 997 adeuntur,

192 1018 290 1072 tamen
312 1032 351 1073 ex
373 1018 489 1072 vetusto
516 1031 597 1072 more
620 1014 716 1090 gentis
739 1031 834 1090 neque
856 1014 930 1072 fines
953 1031 1109 1089 prorogare

192 1102 325 1176 student,
357 1108 387 1162 et
418 1120 491 1178 quos
523 1103 630 1161 habent
659 1104 695 1162 ab
725 1103 802 1162 omni
832 1103 917 1161 facile
945 1101 1051 1160 iniuria
1080 1109 1109 1161 81

191 1197 305 1250 montes
333 1198 453 1251 tuentur
479 1196 510 1250 et
534 1192 644 1267 pensio,
668 1211 756 1268 quam
779 1209 878 1250 rerum
900 1191 1022 1268 potienti
1044 1209 1108 1268 per-

147 1292 173 1333 18
192 1280 323 1353 solvunt,
360 1280 505 1339 immunes
535 1299 655 1357 prorsus
683 1283 719 1340 ab
752 1281 857 1339 militia
886 1280 966 1339 haud
987 1279 1109 1357 perinde

192 1369 344 1445 splendide
382 1375 470 1446 atque
508 1370 659 1429 commode
694 1370 852 1446 felicesque
888 1369 984 1444 magis
1021 1387 1109 1445 quam

191 1458 302 1517 nobiles
325 1465 376 1518 aut
403 1458 474 1517 81811
497 1458 620 1534 degunt,
651 1459 761 1535 quippe
784 1477 820 1518 ne
843 1460 960 1517 nomine
982 1457 1108 1534 quidem,

191 1547 301 1624 opinor,
324 1554 528 1624 praeterquam
550 1548 738 1607 conterminis
761 1547 919 1606 admodum
944 1546 1016 1606 satis
1039 1546 1107 1606 noti.

191 1634 269 1712 Ergo
284 1637 364 1713 apud
377 1637 432 1696 hos
444 1637 516 1695 furti
534 1637 585 1713 qui
603 1643 784 1713 peraguntur
802 1637 880 1713 quod
899 1636 1044 1695 sustulere
1058 1635 1108 1694 do

146 1736 172 1778 15
191 1725 270 1784 mino
283 1725 417 1799 reddunt,
432 1744 498 1800 non,
514 1725 593 1802 quod
607 1726 675 1784 alibi
688 1726 752 1784 fieri
767 1726 848 1799 solet,
861 1725 994 1802 principi,
1007 1729 1108 1801 utpote

191 1814 238 1872 cui
260 1819 374 1873 tantum
392 1815 466 1874 iuris
481 1832 546 1873 esse
560 1820 680 1874 censent
693 1814 724 1872 in
737 1833 799 1873 rem
813 1814 952 1873 furtivam
965 1819 1108 1890 quantum

190 1903 248 1979 ipsi
279 1903 353 1979 furi,
386 1904 433 1962 sin
463 1921 511 1962 res
543 1903 673 1979 perierit,
705 1904 799 1980 pretio
829 1922 868 1963 ex
896 1903 979 1962 bonis
1009 1903 1108 1962 lurum

190 1993 320 2051 conlecto
343 2011 378 2052 88
410 1993 567 2068 persoluto,
599 1997 663 2051 tum
694 1993 806 2069 reliquo
837 1991 978 2051 uxoribus
1007 2009 1109 2050 eorum

190 2086 277 2158 atque
300 2082 398 2141 liberis
420 2081 534 2157 integro
556 2081 614 2158 ipsi
636 2081 811 2140 damnantur
832 2081 864 2138 in
883 2099 978 2157 opera,
1001 2099 1036 2140 ac
1051 2080 1108 2139 nisi

145 2181 172 2222 20
191 2171 325 2229 atrociter
354 2171 543 2230 commissum
573 2171 685 2229 furtum
715 2176 772 2244 881,
804 2188 901 2247 neque
932 2169 1109 2229 clauduntur

146 2269 223 2324 [ciiiia]
247 2260 394 2335 ergastulo
417 2277 511 2336 neque
534 2264 650 2334 gestant
672 2259 836 2336 compedeS,
866 2259 918 2318 sed
938 2256 942 2338 1
962 2258 1047 2318 liberi
1074 2276 1108 2318 ac

191 2348 278 2407 soluti
306 2349 337 2406 in
358 2349 484 2425 publicis
511 2353 690 2424 occupantur
717 2348 861 2424 operibus.
907 2348 1109 2406 Detractantes

189 2455 224 2496 ac
246 2437 414 2513 languidius
437 2444 572 2513 gerentes
596 2455 661 2496 sese
684 2456 740 2496 non
760 2443 822 2496 tam
835 2436 961 2495 vinculis
975 2442 1109 2496 coercent

191 2545 280 2602 quam
301 2527 431 2586 excitant
453 2527 638 2602 verberibus,
663 2532 812 2585 strenuam
835 2532 975 2584 navantes
990 2543 1110 2602 operam

145 2626 172 2668 18
190 2616 297 2674 absunt
319 2635 337 2675 a
357 2615 557 2692 contumeliis;
582 2621 670 2674 noctu
691 2621 789 2674 tamen
811 2615 982 2674 nominatim
1004 2614 1111 2673 censiti

190 2705 332 2763 cubiculis
355 2705 552 2763 inclndrmtur.
584 2705 704 2764 Praeter
726 2704 877 2763 assiduum
891 2704 1020 2762 laborem
1035 2703 1111 2762 nihil

189 2793 364 2853 incommodi
392 2799 437 2852 est
464 2794 495 2852 in
518 2794 591 2870 vita3
622 2794 741 2852 aluntur
767 2794 846 2852 enim
873 2793 953 2851 haud
980 2792 1108 2851 duriter:

190 2883 241 2958 qui
263 2882 340 2941 enim
364 2883 498 2959 publicae
520 2883 563 2941 rei
586 2883 718 2941 serviunt
739 2900 756 2941 e
778 2882 903 2959 publico,
927 2881 996 2940 alibi
1015 2880 1109 2940 aliter.

191 2970 222 3029 Si
236 2971 356 3047 quidem
368 2972 475 3031 alicubi
484 2972 562 3048 quod
570 2972 750 3048 impenditur
762 2971 793 3028 in
802 2989 860 3044 eos,
870 2989 908 3030 ex
922 2971 1111 3045 eleemosyna

145 3071 172 3111 30
190 3060 354 3135 conligitur,
378 3067 465 3137 atque
488 3079 522 3120 ea
546 3061 591 3119 via
614 3078 792 3137 quamquam
814 3060 925 3119 incerta
946 3065 1053 3133 tamen,
1077 3065 1112 3119 ut

190 3154 236 3207 est
263 3149 319 3207 ille
343 3150 469 3226 populus
496 3149 673 3222 misericors,
704 3149 785 3208 nulla
812 3149 956 3225 reperitur
977 3149 1109 3225 uberior3

190 3236 260 3296 alibi
286 3235 397 3297 reditus
425 3239 545 3315 quidam
573 3239 683 3315 publici
706 3238 743 3296 ad
765 3238 797 3296 id
818 3237 1008 3296 destinantur.
1054 3237 1112 3297 Est

166 3319 239 3385 'ubi
269 3332 381 3386 certum
410 3328 442 3385 in
468 3345 519 3386 eos
546 3345 617 3385 usus
644 3327 788 3386 tributum
811 3327 920 3385 viritim
946 3327 1110 3386 conferrmt.

190 3414 267 3488 Quin
294 3416 404 3493 aliquot
432 3417 462 3475 in
488 3416 560 3474 locis
582 3416 698 3474 nullum
720 3416 868 3493 publicum
892 3433 967 3492 opus
989 3415 1110 3486 faciunt,

144 3517 171 3558 85
190 3505 243 3564 sed
266 3511 299 3564 ut
320 3505 452 3581 privatus
468 3505 593 3582 quisque
613 3512 679 3580 eget
694 3505 908 3578 mercennariis,
930 3505 972 3562 ita
989 3504 1112 3564 illorum
