2512 4020
146 325 207 385 106
502 341 607 398 nonus,
632 342 742 384 vrorra

152 570 155 575 .
186 521 351 580 lacerantur
373 538 410 579 ne
433 520 602 596 corporibus
630 521 749 597 quidem
773 521 824 579 diu
847 522 955 581 futuris
977 522 1009 580 in
1031 528 1105 597 tuto,

187 609 306 687 quippe,
329 609 360 667 ni
383 627 536 685 properam
559 609 765 685 poenitentiam
784 611 986 670 sacerdotibus
999 630 1105 688 appro-

187 699 267 771 bent,
277 697 481 774 comprehensi
494 698 654 774 impietatis
663 717 787 775 poenam
801 700 916 758 senatui
924 700 1105 777 persolvunt.

254 786 383 846 Pueritia
408 787 606 864 inventusque
634 787 751 847 abillis
774 788 919 862 eruditur,
946 807 1001 848 nec
1024 789 1106 865 prior

156 877 350 937 alitterarum
382 894 452 934 cura
484 894 571 952 quam
604 894 719 936 morum
748 895 783 936 ac
812 877 931 936 virtutis
962 878 1104 955 habetur3

187 983 313 1042 namque
326 982 470 1024 summam
484 965 622 1024 adhibent
630 965 813 1040 industriam,
825 972 859 1025 ut
869 967 958 1026 bonas
968 968 1105 1043 protinus

187 1054 338 1131 opiniones
361 1059 390 1113 et
413 1055 628 1114 conservandae
651 1055 782 1131 ipsorum
805 1055 849 1115 rei
866 1055 1001 1132 publicae
1014 1056 1104 1115 utiles

188 1143 297 1202 teneris
313 1144 410 1202 adhuc
423 1148 453 1202 et
467 1144 641 1220 sequacibus
655 1162 812 1220 puerorum
826 1144 932 1203 animis
945 1144 1104 1222 instillent;

188 1251 263 1309 quae
289 1233 340 1290 ubi
367 1233 467 1308 pueris
494 1233 611 1309 penitus
638 1232 806 1306 inciderint,
836 1234 915 1292 viros
937 1252 991 1310 per
1012 1238 1103 1293 totam

143 1334 170 1375 1o
187 1322 278 1381 vitam
302 1321 477 1381 comitantia
499 1340 693 1399 magnamque
707 1322 745 1380 ad
758 1322 898 1381 tuendam
914 1323 1048 1398 publicae
1062 1324 1104 1382 rei

189 1416 307 1484 statum,
331 1411 383 1487 qni
407 1429 464 1469 non
487 1410 544 1470 nisi
558 1411 637 1470 vitiis
651 1411 798 1484 dilabitur,
813 1429 888 1488 quae
902 1429 941 1470 ex
955 1412 1105 1487 perversis

188 1505 348 1559 nascuntur
370 1500 561 1576 opinionibus
584 1500 721 1559 adferunt
743 1500 908 1560 utilitatem.

256 1589 474 1662 Sacerdotibus,
506 1588 537 1646 ni
568 1589 695 1648 feminae
728 1589 785 1648 sint
817 1589 895 1666 (nam
928 1607 1023 1666 neque
1055 1589 1106 1650 ille

189 1695 278 1737 sexus
301 1676 476 1751 excluditur,
501 1677 553 1737 sed
576 1679 671 1737 rarius
684 1683 714 1737 et
727 1697 786 1737 non
800 1678 858 1736 nisi
870 1678 960 1737 vidua
972 1672 1105 1755 natuque

145 1779 170 1820 ra
188 1767 310 1842 grands
323 1767 461 1844 eligitur),
480 1785 588 1827 uxores
603 1772 672 1826 srmt
685 1767 870 1844 popularium
885 1767 1105 1827 solertissimae.

188 1855 292 1933 Neque
319 1857 396 1915 enim
424 1856 477 1914 ulli
504 1856 583 1932 apud
605 1856 782 1932 Vtopienses
805 1856 989 1932 magistratui
1012 1857 1107 1916 maior

189 1945 314 2004 habetm·
336 1946 435 2019 honor,
458 1963 552 2022 usque
575 1946 655 2019 adeo,
678 1951 719 2018 ut,
747 1946 772 2004 si
795 1944 866 2022 quid
889 1946 977 2004 etiam
1001 1945 1105 2020 flagitii

189 2033 369 2107 admiserint,
393 2033 465 2092 nulli
488 2034 605 2110 publico
628 2034 735 2093 iudicio
759 2035 889 2093 subsint:
913 2035 975 2093 Deo
989 2040 1104 2093 tantum

188 2142 223 2182 ac
246 2124 300 2207 sibi
323 2123 536 2200 relinqrnmtur.
582 2123 685 2200 Neque
713 2123 792 2183 enim
819 2125 864 2182 tas
892 2128 997 2200 putant
1019 2123 1103 2181 illum

145 2224 171 2265 ao
189 2212 376 2288 quantumvis
405 2212 562 2272 scelestum
591 2213 706 2272 mortali
732 2230 821 2271 manu
844 2213 1026 2287 contingere,
1054 2213 1106 2289 qui

164 2342 167 2350 ·
188 2301 250 2360 Deo
273 2306 333 2360 tarn
357 2301 497 2377 singulari
520 2301 606 2360 modo
620 2302 700 2360 velut
718 2302 872 2361 anathema
886 2301 1037 2360 dedicatus
1051 2305 1105 2360 est.

189 2389 247 2463 Qui
269 2409 333 2449 mos
356 2391 416 2449 illis
438 2390 551 2450 facilior
573 2396 619 2450 est
642 2392 805 2461 observatu,
834 2390 912 2467 quod
940 2389 1106 2449 sacerdotes

189 2485 219 2538 et
248 2485 307 2538 tarn
337 2481 423 2556 pauci
453 2485 483 2539 et
509 2485 590 2539 tanta
617 2499 685 2538 curn
713 2498 783 2539 cura
806 2478 982 2554 deligrmtur.
1027 2477 1104 2536 Nam

189 2587 284 2645 neque
311 2575 420 2628 temere
448 2568 567 2642 accidit,
597 2568 702 2645 utqui
729 2587 768 2628 ex
795 2568 878 2627 bonis
907 2567 1034 2644 optimus
1067 2568 1106 2626 ad

145 2669 172 2711 aa
190 2663 300 2716 tantam
324 2657 496 2733 dignitatem
519 2657 610 2717 solius
633 2663 768 2734 respectu
783 2657 901 2715 virtutis
923 2647 1057 2715 evehitur
1075 2656 1106 2714 in

190 2747 385 2822 corruptelam
408 2751 438 2806 et
459 2747 564 2806 vitium
587 2746 751 2822 degeneret,
775 2751 817 2819 et,
848 2746 874 2804 si
896 2746 954 2803 iarn
976 2745 1106 2805 maxime

190 2836 378 2911 contingeret,
402 2841 435 2894 ut
458 2841 503 2895 est
519 2835 686 2895 mortalium
700 2841 804 2894 natura
818 2835 975 2908 mutabilis,
998 2840 1106 2908 tamen,

190 2943 248 3000 qua
271 2930 339 2983 sunt
362 2925 507 3001 paucitate
530 2943 584 2984 nec
605 2924 665 2983 ulla
678 2930 795 3001 praeter
809 2925 949 2983 honorem
962 2927 1106 2999 potestate

190 3014 322 3089 praediti,
346 3014 383 3071 ad
405 3014 553 3091 publicam
577 3019 656 3073 certe
679 3014 839 3090 perniciem
861 3012 934 3071 nihil
950 3011 1052 3092 magni
1069 3013 1106 3071 ab

145 3115 172 3156 ao
190 3103 236 3160 his
268 3103 408 3162 momenti
440 3103 705 3179 pertimescendrnn
738 3102 784 3161 sit.
837 3101 916 3175 Quos
947 3101 1013 3160 ideo
1045 3106 1105 3160 tam

147 3203 217 3258 [nnju]
246 3210 325 3250 raros
354 3197 442 3268 atque
468 3193 513 3250 in·
534 3190 538 3273 Ι
558 3193 727 3268 frequentes
756 3192 876 3264 habent,
910 3208 946 3249 ne
978 3189 1107 3265 dignitas

191 3281 313 3354 ordinis,
344 3299 432 3357 quem
463 3299 540 3340 nune
567 3286 648 3340 tanta
670 3281 854 3339 veneratione
881 3284 1106 3356 prosequuntur,

190 3370 403 3429 communicato
427 3389 494 3428 cum
511 3370 612 3429 multis
626 3370 735 3428 honore
749 3369 910 3442 vilesceret,
934 3369 1107 3444 praesertim

190 3478 259 3518 curn
282 3459 400 3517 difficile
424 3465 527 3535 putent
549 3460 718 3536 trequentes
731 3459 863 3517 invenire
876 3463 937 3516 tam
952 3458 1050 3530 bonos
1074 3463 1108 3516 ut

144 3561 172 3603 ao
190 3551 218 3608 ei
241 3549 299 3608 sint
321 3548 456 3624 dignitati
478 3566 573 3624 parce,
597 3548 735 3624 adquam
755 3548 912 3623 gerendam
926 3564 991 3606 non
999 3546 1109 3606 sufficit
