2512 4020
511 334 613 389 nonas,
637 335 748 376 vrorm.
1045 319 1105 379 101

196 511 293 571 studio
317 530 405 589 quam
428 511 583 588 prudentia
609 512 772 586 dissereret,
802 513 990 590 usqueadeo
1013 514 1109 591 coepit

195 601 383 673 incalescere,
416 607 448 659 ut
476 601 536 660 iam
565 619 623 660 non
652 607 751 661 nostra
779 602 866 661 modo
894 620 976 661 sacra
1003 603 1108 663 ceteris

146 701 224 755 piru]
248 690 412 763 anteferret,
428 685 431 774 1
450 690 502 748 sed
520 690 633 767 reliqua
646 691 779 767 protinus
797 691 934 750 universa
948 691 1108 765 damnaret,

194 780 314 855 prolana
342 779 421 856 ipsa,
450 779 579 838 cultores
593 839 595 842 Α
608 779 714 856 impios
744 797 778 839 ao
805 779 963 856 sacrilegos
992 786 1107 840 aeterno

158 880 176 920 s
194 867 364 943 plectendos
386 867 448 942 igni
461 867 681 928 vociferaretur.
717 867 798 928 Talia
820 866 871 926 diri
894 869 1108 929 contionantem

195 956 445 1032 comprehendunt
471 975 507 1016 ae
533 974 617 1016 reum
646 975 704 1016 non
732 963 846 1034 spretae
869 957 1026 1034 religionis
1044 960 1108 1018 ,sed

195 1045 313 1103 excitati
336 1045 367 1103 in
390 1045 498 1122 populo
520 1045 665 1105 tumuitus
688 1051 780 1122 agunt
793 1053 1004 1124 peraguntque,
1027 1047 1108 1117 dam-

195 1139 295 1192 natum
311 1134 415 1194 exsilio
429 1134 561 1207 multant,
576 1134 603 1194 si
617 1135 737 1212 quidem
749 1135 805 1194 boc
817 1135 893 1194 inter
906 1136 1108 1213 antiquissima

195 1222 330 1281 instituta
352 1228 513 1297 numerant,
536 1241 574 1283 ne
596 1241 649 1282 sua
671 1223 808 1301 cuiquam
830 1224 932 1299 religio
952 1224 1048 1283 fraudi
1062 1225 1107 1284 sit.

150 1323 177 1364 ro
196 1311 310 1388 Vtopns
333 1312 411 1371 enim
433 1312 493 1370 iam
514 1311 582 1371 inde
604 1313 641 1371 ab
665 1312 756 1386 initia,
784 1331 853 1371 cum
879 1313 1043 1390 accepisset
1064 1314 1108 1372 in-

195 1400 274 1459 colas
301 1407 369 1460 ante
398 1419 485 1459 sunm
512 1400 671 1460 adventum
698 1401 735 1460 de
762 1401 950 1477 religionibus
977 1402 1054 1462 inter
1076 1420 1107 1462 se

195 1489 311 1548 assidue
341 1490 496 1549 dimicasse
527 1495 615 1566 atque
646 1490 909 1550 animadvertasset
941 1509 1006 1550 eam
1037 1509 1107 1565 rem,

195 1578 273 1655 quod
304 1579 336 1637 in
366 1597 520 1638 commune
555 1579 731 1639 dissidentes
766 1580 899 1655 singulae
930 1599 982 1657 pro
1014 1580 1108 1657 patria

195 1673 291 1726 sectae
313 1668 490 1744 pugnabant
514 1668 694 1727 occasionem
717 1668 897 1744 praestitisse
920 1669 975 1727 sibi
992 1669 1107 1728 vincen-

149 1768 176 1807 ⁷1
195 1755 299 1815 darum
321 1755 464 1830 omnium,
492 1757 617 1833 adeptus
640 1757 790 1816 victoriam
813 1758 925 1831 sanxit,
954 1759 1107 1835 utiquam

194 1845 300 1922 cuique
329 1845 501 1920 religionem
530 1845 618 1905 libeat
645 1847 728 1924 sequi
754 1846 854 1920 liceat,
884 1852 917 1905 ut
939 1865 1008 1906 vero
1035 1846 1107 1905 aiios
1154 1845 1156 1849 ’

194 1952 310 2012 quoque
346 1934 376 1992 in
412 1953 496 1994 suam
536 1935 687 2009 traducat,
728 1936 870 1994 haetenus
910 1935 965 1994 niti
1006 1936 1107 2012 possit,

193 2023 238 2082 uti
274 2022 388 2101 placide
424 2042 459 2082 ao
494 2023 625 2082 modeste
664 2042 747 2083 suam
788 2024 948 2084 rationibus
988 2030 1107 2097 astruat,

193 2130 251 2170 non
281 2118 314 2170 ut
343 2113 445 2171 acerbe
476 2118 590 2172 ceteras
627 2112 771 2188 destruat3
808 2113 835 2171 si
866 2113 1014 2172 suadendo
1051 2132 1106 2171 non

143 2212 176 2254 ro
194 2201 383 2277 persuadeat,
416 2219 511 2278 neque
538 2201 598 2262 vim
630 2201 721 2260 ullam
751 2201 888 2261 adhibeat
914 2208 944 2261 et
970 2203 1107 2262 conviciis

194 2295 351 2367 temperet:
374 2289 555 2366 petulantius
578 2291 634 2350 hac
656 2291 693 2350 de
715 2308 746 2349 re
765 2291 988 2350 contendentem
1004 2291 1107 2357 exsilio

193 2384 245 2436 aut
276 2379 415 2439 servibrte
447 2379 580 2438 multant.
631 2379 712 2439 Haec
740 2379 857 2456 Vtopus
892 2380 1019 2439 instituit
1049 2399 1107 2438 non

193 2472 332 2543 respectu
354 2469 435 2544 pacis
458 2468 552 2541 modo,
581 2487 669 2545 quam
691 2468 809 2527 assiduo
833 2456 997 2541 certamine,
1025 2469 1107 2528 inex-

193 2556 294 2632 piabili
315 2556 381 2615 odio
403 2557 537 2616 lrmditus
555 2557 629 2616 vidit
651 2557 750 2630 everti,
776 2557 829 2616 sed
852 2557 929 2634 quod
952 2557 1107 2617 arbitratus

143 2655 175 2696 ⁴25
194 2650 248 2718 est,
272 2645 315 2703 uti
338 2646 380 2704 sic
401 2646 617 2719 decerneretur,
639 2646 733 2723 ipsius
749 2646 838 2706 etiam
852 2647 1002 2722 religionis
1017 2647 1107 2706 inter·

193 2751 272 2806 esse,
301 2734 338 2792 de
366 2753 424 2811 qua
451 2735 523 2793 nihil
551 2741 597 2795 est
624 2753 715 2794 ausus
742 2741 852 2795 temere
880 2735 999 2795 definire
1027 2736 1107 2795 velut

193 2823 336 2882 incertum
359 2824 479 2896 babens,
501 2843 539 2883 an
556 2825 670 2884 varium
693 2843 727 2884 ac
750 2824 942 2900 multiplicem
965 2830 1107 2900 expetens

194 2912 306 2970 cultum
333 2912 415 2971 Deus
444 2913 525 2970 aliud
553 2913 676 2990 inspiret
704 2913 769 2989 aiii,
800 2919 879 2972 certe
902 2913 931 2970 vi
958 2931 993 2972 ac
1020 2913 1106 2972 minis

193 3000 328 3076 exigere,
364 3007 397 3060 ut
433 3001 511 3077 quod
539 3007 572 3060 tu
598 3020 701 3060 verum
734 3002 829 3061 credis
863 3002 941 3061 idem
972 3002 1106 3061 omnibus

143 3100 175 3141 ao
193 3089 339 3164 videatur,
369 3090 425 3149 hoo
447 3108 517 3149 vero
546 3096 576 3149 et
604 3091 733 3150 insolens
765 3096 795 3149 et
822 3090 953 3168 ineptum
985 3093 1106 3150 censuit.

193 3177 277 3251 Tum,
306 3179 332 3237 si
354 3179 483 3238 maxime
506 3198 565 3239 una
587 3197 656 3238 vera
679 3180 724 3253 sit,
747 3184 862 3239 ceterae
885 3198 985 3238 omnes
1007 3199 1106 3251 vanae,

192 3267 279 3326 facile
301 3273 401 3327 tamen
424 3268 576 3344 praevidit,
599 3269 685 3327 modo
707 3286 776 3326 cum
791 3269 901 3328 ratione
916 3275 951 3327 ac
964 3269 1106 3328 modestia

192 3375 240 3415 res
262 3362 373 3432 agatur,
396 3358 529 3416 brturum
552 3357 687 3434 denique,
710 3364 744 3415 ut
766 3357 830 3433 ipsa
852 3376 907 3434 per
929 3358 1041 3416 severi
1062 3358 1106 3416 vis

192 3451 323 3520 emergat
340 3445 496 3523 aliquando
510 3452 599 3523 atque
615 3447 754 3522 emineat3
770 3447 816 3505 sin
831 3447 921 3505 armis
935 3452 964 3505 et
977 3447 1105 3505 tumultu

143 3544 174 3585 35
193 3541 332 3609 certetur,
360 3541 394 3594 ut
422 3535 479 3593 sint
504 3535 626 3612 pessimi
649 3535 757 3613 quique
781 3535 908 3594 maxime
930 3536 1107 3612 pervicaces,
