2512 4020
148 295 189 354 68
505 313 610 366 lours,
632 312 745 353 trous.

190 490 333 566 cuiusque
355 490 437 548 urbis
459 498 540 548 sumt.
570 490 622 565 qui
649 490 754 547 ceteris
782 491 934 549 exonerati
960 492 1111 552 laboribus

191 579 245 637 soli
267 579 442 655 disciplinae
463 579 654 654 deputantur,
680 579 713 636 hi
735 579 880 653 videlicet,
907 580 940 638 in
962 582 1073 657 quibus
1094 602 1112 641 a

189 668 314 744 pueritia
335 668 484 743 egregiam
510 667 647 740 indolem
674 667 818 725 eximium
842 669 999 744 ingenium
1021 678 1112 748 atque

190 758 321 815 animum
356 757 395 814 acl
431 757 521 814 bonas
551 766 630 814 artes
666 775 845 832 propensum
880 757 1112 834 deprehendere,

159 856 288 904 stamen
311 863 413 904 omnes
427 845 511 921 pueri
533 845 640 903 litteris
662 845 842 907 imbuuntur,
863 856 895 906 et
912 848 1018 923 populi
1036 850 1113 908 bono

189 953 271 1010 pars.
299 935 354 993 viri
381 935 577 1009 feminaeque,
607 952 660 1010 per
688 942 780 992 totam
803 935 895 993 ritarn
922 937 1013 996 horas
1034 938 1113 1012 illas,

190 1041 264 1100 quas
281 1025 318 1082 ab
336 1024 474 1099 operibus
492 1023 598 1081 liberas
617 1022 756 1096 diximus,
774 1024 805 1081 in
824 1024 930 1084 litteris
947 1027 1112 1086 conlocant

256 1113 434 1188 Disciplinas
463 1112 594 1187 ipsorum
621 1111 721 1186 lingua
744 1113 931 1188 perdiscunt:
961 1122 1010 1174 est
1032 1117 1113 1175 enim

191 1220 286 1278 neque
310 1202 466 1260 verborum
489 1202 573 1277 inops
596 1219 651 1258 nec
672 1201 805 1260 insuavis
831 1203 944 1276 auditu,
971 1222 1029 1263 nec
1051 1205 1115 1264 ulla

147 1306 172 1343 10
191 1291 303 1349 fidelior
324 1290 415 1349 animi
443 1290 588 1365 interpres
616 1298 677 1364 cst;
707 1290 810 1349 eadem
838 1292 914 1365 fere,
944 1293 1005 1352 nisi
1032 1295 1113 1370 quod

190 1380 297 1456 ubique
328 1380 505 1455 corruptior,
536 1379 605 1437 alibi
633 1379 730 1453 ahter,
763 1398 901 1455 magnam
933 1382 1001 1440 eius
1031 1383 1114 1442 orbis

190 1469 307 1546 plagam
329 1475 512 1545 pervagatur.

256 1558 302 1615 Ex
326 1557 461 1616 omnibus
487 1557 535 1614 his
561 1556 753 1632 philosophie,
781 1576 908 1634 quiorum
935 1561 1058 1619 nomina
1080 1562 1114 1620 iu

190 1650 245 1704 hoc
267 1654 334 1705 noto
356 1647 439 1705 nobis
462 1648 531 1704 orbe
554 1646 687 1719 celebria,
710 1652 778 1704 ante
800 1653 934 1705 nostrum
947 1650 1114 1709 adrentum

148 1749 173 1789 15
192 1754 230 1794 ne
253 1736 330 1794 fama
351 1735 471 1812 quidem
493 1735 668 1810 cuiusquam
690 1753 724 1792 eo
746 1742 933 1811 perreuemt3
958 1746 989 1796 ct
1012 1745 1113 1798 tamen

190 1826 220 1883 iu
252 1824 363 1884 musica
394 1825 603 1900 dialecticaque
634 1842 669 1881 ac
700 1825 873 1882 numerandi
905 1832 936 1884 et
967 1828 1115 1889 metiendi

191 1914 314 1972 scientia
336 1913 438 1972 cadem
461 1915 523 1972 fere
546 1931 621 1989 quae
644 1904 737 1971 nostri
759 1913 804 1970 illi
826 1920 943 1974 veteres
963 1916 1112 1978 invenere.

191 2003 329 2062 Ceterum
352 2010 386 2060 ut
408 2002 543 2078 antiquos
566 2002 701 2060 omnibus
715 2021 806 2078 prope
823 2005 914 2062 rebus
932 2013 1112 2082 exaequant,

191 2093 234 2151 ita
255 2110 433 2169 nuperorum
456 2091 584 2149 inventis
607 2091 827 2150 dialecticonrm
848 2092 938 2168 longe
962 2101 1034 2154 sunt
1058 2097 1112 2154 im-

145 2194 172 2236 20
191 2199 284 2258 pares.
328 2181 406 2239 Nam
435 2200 473 2240 ue
502 2181 594 2238 ullam
621 2180 741 2256 quidem
770 2182 903 2256 regulam
931 2183 1114 2244 inreuenmt

189 2289 302 2344 earum,
332 2288 405 2346 quas
433 2270 470 2328 (le
491 2269 738 2342 restrictionibus,
767 2270 1046 2346 amplificationibus
1076 2293 1112 2334 ac

191 2360 441 2436 suppositionibus
464 2359 632 2417 acutissime
656 2359 829 2434 excogitatis
851 2360 881 2416 in
904 2362 1006 2436 paruis
1035 2363 1111 2439 logi-

191 2448 302 2507 calibus
330 2449 440 2524 passim
468 2448 516 2507 hic
545 2448 679 2507 ediscunt
706 2448 798 2524 pueri.
843 2448 935 2507 Porro
963 2453 1111 2511 secundas

189 2538 368 2597 intensiones
390 2544 450 2595 tam
472 2539 560 2612 longe
579 2538 661 2595 abest
679 2543 713 2595 ut
727 2537 907 2613 investigare
925 2540 1109 2614 suffecerint,

145 2640 171 2680 a]
191 2633 225 2685 ut
247 2646 300 2686 nee
323 2627 470 2685 homiuem
494 2627 591 2702 ipsum
615 2626 645 2683 iu
663 2626 810 2684 commrmi
829 2644 918 2702 quem
937 2636 1053 2704 vocant,
1076 2640 1111 2688 ut

191 2717 287 2789 scitis,
317 2717 403 2792 plane
430 2716 595 2774 colosseum
623 2720 653 2773 et
680 2715 784 2790 quous
811 2715 932 2790 gigante
960 2718 1107 2792 maiorem,

189 2813 253 2864 tum
282 2825 299 2864 a
328 2805 412 2864 nohis
441 2811 593 2880 praeterea
624 2804 715 2879 digito
745 2804 991 2879 demonstratum,
1021 2825 1108 2867 nemo

191 2901 287 2953 tamen
311 2913 412 2953 eorum
435 2894 534 2952 ridere
557 2894 692 2970 potuerit.

256 2985 297 3042 At
320 2990 388 3042 sunt
411 2984 441 3040 iu
463 2990 609 3043 astrorum
633 3000 721 3040 cursu
744 2986 775 3039 et
796 2982 970 3041 caelestium
994 2985 1106 3044 orbium

145 3085 172 3126 so
192 3084 255 3138 [uta]
271 3079 352 3132 motu
362 3072 541 3148 peritissimi.
554 3065 557 3155 Ι
570 3071 646 3144 Quin
655 3072 1107 3150 instrumentaquoquedirersis

189 3162 293 3236 figuris
317 3162 450 3220 sollerter
474 3161 685 3236 excogitarunt,
709 3160 815 3236 quibus
838 3161 909 3220 solis
927 3162 1064 3222 aolunae
1078 3168 1106 3221 et

191 3257 353 3309 ceterorum
375 3251 446 3309 item
469 3257 624 3323 astrorum,
648 3268 722 3326 quae
745 3249 776 3306 in
799 3249 930 3324 ipsorum
958 3252 1105 3310 horizonte

190 3340 332 3414 visuntur,
356 3340 499 3399 motiones
521 3359 556 3398 ac
579 3339 655 3398 situs
678 3338 866 3398 exactissime
879 3342 1104 3416 comprehensos

191 3429 312 3504 haheut3
343 3434 473 3488 ceterum
504 3429 646 3487 amicitias
676 3434 763 3504 atque
794 3428 955 3488 errantium
985 3429 1103 3489 dissidia

144 3531 171 3572 35
192 3518 320 3577 siderum
344 3537 378 3578 ac
401 3524 492 3578 totam
516 3518 643 3594 (lenique
671 3517 752 3575 illam
780 3535 819 3575 ex
846 3517 934 3577 astris
957 3517 1104 3578 divinandi·
