2512 4020
147 304 247 367 LXIV
530 323 719 368 amnnrrnao.

146 501 182 554 34
199 499 269 555 ABG
285 499 348 554 vitae
394 499 530 569 71,1R.:
556 501 592 553 At
616 515 687 553 nunc
712 498 817 568 quidem
840 500 979 554 accersunt
1002 498 1105 553 dolores

146 571 258 624 velutin
272 571 313 624 his
331 571 380 625 sita
398 570 433 624 sit
450 570 548 639 religio,
572 587 632 624 cnm
651 571 752 624 terendi
769 571 854 640 potius
873 570 932 639 sint,
952 570 974 623 si
992 569 1108 624 incidant

146 643 179 696 ad
197 642 300 711 pietatis
326 641 444 695 cilicium
469 642 586 695 tendenti
608 645 654 695 aut
676 644 785 695 naturae
809 642 964 695 necessitate
988 642 1108 696 accidant

147 716 163 767 5
182 713 252 782 licet]
271 713 339 766 fehlt
351 716 383 767 A.
411 713 551 766 Vielleicht
568 718 638 766 ware
657 729 735 767 vacas
753 714 794 767 die
813 713 921 782 richtige
940 713 1104 781 Ergiinznng.

147 785 182 839 20
196 785 241 838 R.:
261 785 341 838 Pacta
354 786 381 838 et
397 784 469 853 leges
502 784 535 838 23
550 784 594 838 Be
612 801 661 838 nec
679 800 819 853 oppressus
838 784 978 850 tyrannide
1010 784 1044 838 29
1058 784 1104 837 R:

147 855 242 910 Officia
265 856 334 910 vitae
360 859 451 909 mutua
488 857 529 925 72,
544 857 562 907 4
580 857 604 908 A
625 872 755 924 propensa
798 856 815 910 8
833 855 869 908 R:
889 855 1018 923 Voluptas
1044 855 1107 923 quid

149 927 239 983 1011:
254 927 345 981 Falsas
359 927 505 996 voluptates
534 928 567 979 12
582 929 606 980 A
621 927 787 980 iniucundius
815 928 848 981 25
859 927 903 979 R.:
918 926 1000 979 Ilrror
1014 943 1105 979 eorum

147 999 191 1067 qui
205 999 254 1052 sibi
268 999 300 1052 ob
314 998 413 1052 cultum
428 998 532 1067 placent
565 1000 606 1067 73,
617 1000 667 1052 4Α
682 998 787 1051 institiae
815 998 887 1052 aa:
901 997 980 1051 Stulti
994 998 1106 1051 honores

146 1070 226 1124 8Βο
251 1069 389 1139 voluptatis
412 1070 523 1138 imagine
550 1070 646 1122 mirum
672 1086 750 1138 qnam
776 1069 893 1123 suaviter
921 1069 1055 1122 insaniunt
1080 1068 1107 1120 bi

146 1141 201 1210 (00
215 1142 245 1209 ij)
264 1142 309 1211 qui
326 1140 468 1195 nobilitatis
487 1141 605 1209 opinione
640 1143 670 1194 11
691 1141 735 1194 R.:
755 1141 831 1194 Vana
849 1139 970 1193 nobilitas
1008 1141 1042 1192 14
1060 1140 1105 1198 R.:

147 1211 306 1266 Stultissime
315 1212 434 1282 voluptas
449 1229 483 1265 ex
496 1212 606 1281 gemmis
635 1212 669 1266 20
679 1212 723 1266 R:
739 1211 832 1280 Opinio
842 1211 976 1264 hominum
987 1211 1106 1279 precium

147 1284 218 1337 addit
244 1287 290 1338 aut
322 1284 413 1337 adimit
443 1283 553 1353 gemmis
599 1283 634 1337 24
661 1283 706 1336 BC
738 1283 860 1352 imponat
889 1285 926 1336 At
957 1285 1106 1351 spectaturo

147 1356 219 1424 74,1
239 1356 283 1408 R.:
302 1355 370 1410 Mira
388 1356 459 1409 fictio
479 1357 506 1408 et
523 1353 658 1423 aptissima
694 1356 710 1409 6
728 1355 772 1408 R.:
793 1354 858 1408 Alea
894 1356 909 1408 7
929 1354 974 1407 R.:
994 1354 1106 1407 Venatio

147 1428 179 1480 21
200 1427 244 1480 8.;
264 1428 300 1480 At
317 1427 381 1480 haec
399 1426 475 1480 hodie
493 1441 537 1480 ars
556 1428 596 1479 est
614 1427 736 1479 decorum
755 1424 901 1480 aulicorum
938 1427 980 1492 75,
1000 1426 1017 1479 6
1037 1425 1107 1478 Oitta

146 1497 173 1550 in
200 1498 312 1567 gravido
353 1497 397 1551 R.:
425 1498 496 1551 Vera
522 1496 662 1566 voluptatis
689 1497 790 1566 species
833 1497 928 1550 11R.:
952 1495 1107 1565 Voluptates

147 1585 286 1638 corporeae
319 1571 350 1623 31
371 1569 404 1638 is]
428 1572 453 1623 A
471 1569 495 1622 id
533 1569 605 1633 76,1
626 1568 825 1636 interpunlrtion
844 1568 871 1620 in
889 1569 925 1620 A:
951 1568 1105 1621 maximam.

147 1639 262 1695 Omnes.
275 1683 280 1696 .
292 1681 298 1693 .
311 1682 316 1694 .
327 1657 448 1708 magnam
476 1642 491 1694 7
503 1640 547 1693 Ie:
558 1639 652 1693 Valeat
664 1655 798 1708 possessor
812 1643 915 1708 oportet
942 1638 1106 1692 Avestimnr

147 1711 269 1766 251130
295 1712 454 1765 esurientem
492 1713 534 1779 77,
550 1710 607 1764 28
631 1711 750 1778 Quemne
787 1710 863 1764 24Β
888 1711 992 1763 videtur
1029 1711 1107 1763 251

146 1783 211 1837 heae
247 1784 281 1837 32
307 1783 329 1836 0
357 1783 462 1851 expedit
498 1783 578 1852 78,1
605 1782 626 1836 G
652 1782 772 1851 pelliceat
808 1785 824 1835 5
850 1782 873 1835 Β
898 1783 939 1835 Ad
976 1782 1010 1834 22
1036 1781 1107 1835 ABG

146 1852 310 1923 publicamve
347 1854 381 1908 28
399 1854 443 1907 Β.;
469 1855 654 1907 Anuotaudnm
681 1856 707 1906 et
725 1853 774 1906 hoc
793 1853 931 1922 diligenter
967 1852 1040 1920 79,3
1060 1852 1105 1905 R.:

147 1925 268 1979 Felicitas
296 1925 480 1993 Utopieusium
508 1941 538 1979 ac
566 1925 705 1993 descriptio
746 1925 780 1977 22
798 1924 843 1978 Β.;
871 1924 978 1978 Utilitas
1000 1923 1106 1991 linguae

146 2013 255 2064 graecae
292 1998 325 2050 27
350 1997 395 2050 lt:
423 1996 547 2050 Docilitas
572 1996 756 2064 Utnpiensinm
779 1995 858 2049 unica
893 1996 936 2063 80,
956 1996 973 2047 2
996 1995 1041 2048 R.:
1071 1997 1107 2048 At

147 2085 218 2121 nuno
236 2068 337 2137 stipites
360 2069 387 2121 et
411 2067 531 2121 caudices
557 2066 677 2120 dicantur
701 2067 795 2120 literis:
823 2066 976 2120 felicissima
1003 2066 1107 2133 ingenia

146 2138 323 2208 voluptatibus
337 2141 540 2207 corrumpuntur
567 2139 618 2192 8A
632 2154 683 2207 quo
711 2138 799 2192 31R.:
819 2137 948 2192 Medicina
966 2137 1107 2190 utilissima

147 2212 235 2280 quem]
255 2210 323 2265 ACO
342 2226 409 2279 quae
445 2211 521 2279 81,4
539 2210 583 2263 R.:
610 2209 797 2278 Contemplatio
820 2212 930 2263 naturae
966 2209 1041 2277 82,8
1060 2208 1105 2262 R.:

146 2282 215 2336 Mira
232 2282 310 2335 hnius
328 2282 413 2351 gentis
432 2281 545 2335 ambitus
578 2282 612 2336 28
626 2281 671 2334 R.:
689 2282 729 2334 De
744 2281 854 2348 aegrotis
882 2282 916 2334 33
930 2282 954 2333 A
968 2280 1107 2333 immendi-

147 2353 234 2406 oabilis
270 2354 313 2422 83,
333 2353 350 2406 2
374 2353 418 2406 R.:
445 2353 518 2406 Mors
546 2355 690 2421 spontanea
732 2352 766 2407 10
791 2352 811 2406 O
838 2351 980 2405 reconsiliis
1023 2352 1056 2403 14
1082 2354 1107 2404 A

148 2425 289 2478 meminem
328 2426 359 2478 17
375 2426 399 2478 A
418 2439 491 2478 rerra
529 2425 561 2477 19
576 2424 620 2477 R.:
639 2424 679 2477 De
698 2423 824 2491 conjugiis
860 2423 895 2475 24
914 2422 934 2475 (l
952 2422 973 2475 dr
992 2423 1106 2491 pater&

146 2499 258 2566 materqg
288 2496 380 2550 3211:
400 2495 473 2549 Etsi
492 2511 585 2563 parurn
604 2496 757 2564 verecunde,
776 2494 846 2547 haud
865 2496 953 2547 tamen
971 2493 1105 2547 incentum

146 2568 189 2637 84,
201 2568 235 2621 24
249 2568 404 2636 curandum]
418 2567 476 2620 teht
490 2569 513 2619 A
542 2567 575 2621 26
590 2567 633 2619 a:
647 2566 795 2620 Divertium
822 2566 865 2635 85,
880 2568 896 2620 5
911 2565 933 2618 Β
948 2565 1107 2618 contrahunt

147 2639 179 2693 21
195 2639 239 2692 R.:
259 2638 413 2692 Aestimatio
432 2637 550 2707 supplicii
569 2654 666 2707 poenes
685 2637 866 2706 magistratum
907 2637 941 2690 32
960 2637 978 2690 f.
994 2636 1017 2689 B
1031 2636 1106 2689 indo-

146 2711 221 2764 mitte
253 2712 287 2764 33
302 2709 371 2763 ABG
389 2725 453 2778 quos
484 2710 558 2779 86,5
577 2709 622 2762 R.:
642 2709 731 2777 Stupri
749 2708 879 2762 sollicitati
896 2723 980 2776 poena
1016 2707 1046 2762 10
1060 2707 1106 2762 R.:

146 2781 274 2850 Voluptas
302 2798 317 2835 e
344 2781 502 2835 morionibus
549 2781 583 2834 24
610 2780 653 2834 R.:
682 2780 780 2833 Vuoata
807 2781 893 2833 forma
938 2779 972 2833 29
1000 2779 1043 2832 a:
1072 2779 1108 2832 nt

146 2853 269 2921 praemiis
288 2852 413 2905 invitandi
431 2853 501 2906 cives
520 2852 553 2905 ad
571 2852 688 2905 officium
721 2854 754 2905 35
769 2852 813 2904 Β.;
832 2852 978 2904 Damnatus
992 2850 1107 2904 ambitus

146 2925 190 2993 87,
206 2927 219 2976 'l
235 2924 279 2983 11:
299 2924 389 2977 Honor
407 2923 605 2993 magistratuum
638 2923 713 2976 411:
732 2923 851 2991 Dignitas
869 2922 995 2991 principis
1028 2922 1106 2976 VR:

147 2995 230 3063 Leges
253 3011 351 3064 paucae
388 2994 422 3047 14
436 2995 483 3048 ΑΒ
501 2997 614 3048 tractant
652 2994 721 3048 le
740 2994 874 3063 disputant
906 2996 939 3048 16
953 2994 997 3047 R.:
1017 2994 1106 3047 Advo-

147 3069 265 3119 catorum
284 3066 343 3135 (AB
362 3067 535 3134 Advocatum)
558 3065 658 3119 inutilis
680 3066 759 3118 turba
795 3066 829 3120 28
848 3067 871 3118 A
891 3065 1108 3119 commonefaciat

147 3139 221 3206 88,5
241 3137 263 3190 B
281 3136 378 3191 multas
413 3138 470 3192 80
493 3153 602 3206 000000,
639 3139 671 3191 15
690 3152 776 3206 neque
801 3140 830 3190 ut
855 3136 927 3205 sunt]
952 3135 1019 3190 fehlt
1036 3136 1106 3190 AGO

148 3209 244 3262 2211:
269 3209 310 3262 De
332 3208 481 3262 foederibus
521 3209 594 3277 89,7
615 3208 636 3262 C
658 3225 746 3279 qnoqg
768 3208 790 3261 B
814 3224 881 3277 eque
922 3208 996 3277 01,2
1019 3207 1107 3261 Inter-

148 3279 273 3348 punlrtion
292 3280 319 3332 in
337 3280 417 3334 ABG:
443 3279 507 3332 iuris
532 3281 573 3348 (ut
587 3322 593 3335 .
605 3320 628 3333 ..
644 3280 717 3349 ipsis)
743 3279 839 3333 iniuria
863 3282 934 3332 certe
971 3281 987 3332 3
1006 3281 1030 3333 A
1048 3279 1108 3332 siue

149 3352 182 3404 19
197 3355 220 3405 A
234 3352 331 3405 ierunt.
350 3352 493 3419 Propterea
507 3392 528 3405 ..
541 3391 564 3404 ..
579 3351 702 3404 sentiunt.
722 3353 758 3404 At
789 3352 824 3405 20
837 3351 861 3404 Β
874 3350 926 3403 nisi
944 3351 976 3403 de
995 3350 1106 3420 publico,

148 3422 191 3476 00
210 3423 261 3476 nisi
279 3424 311 3476 de
334 3422 437 3491 publiea
474 3423 507 3476 23
527 3421 570 3476 00
593 3422 689 3490 alioqui
726 3422 801 3475 248
825 3421 1059 3492 intertrimentum,
1084 3421 1106 3475 0

147 3493 343 3548 interimentum
381 3494 415 3548 25
438 3494 486 3547 AB
511 3493 598 3546 minus
635 3495 669 3547 33
692 3494 735 3546 R.:
763 3493 859 3561 Magno
885 3496 972 3562 empta
998 3493 1108 3548 victoria

148 3566 183 3619 34
196 3567 221 3620 A
233 3565 362 3620 iusticiam
395 3566 437 3636 92,
454 3568 467 3618 1
478 3567 499 3618 i,
513 3568 538 3619 A
550 3564 702 3633 gloriantur.
724 3564 949 3634 [triumphumque
960 3605 966 3618 .
976 3605 981 3618 .
991 3605 997 3618 .
1007 3606 1013 3618 .
1022 3567 1107 3634 gesta.

707 3700 863 3776 A„
