<?xml version="1.0" encoding="UTF-8"?>
<!DOCTYPE html PUBLIC "-//W3C//DTD XHTML 1.0 Transitional//EN"
    "http://www.w3.org/TR/xhtml1/DTD/xhtml1-transitional.dtd">
<html xmlns="http://www.w3.org/1999/xhtml" xml:lang="en" lang="en">
 <head>
  <title>
</title>
<meta http-equiv="Content-Type" content="text/html;charset=utf-8" />
  <meta name='ocr-system' content='tesseract 3.04.00' />
  <meta name='ocr-capabilities' content='ocr_page ocr_carea ocr_par ocr_line ocrx_word'/>
</head>
<body>
  <div class='ocr_page' id='page_1' title='image "./utopia01moregoog_0128.png"; bbox 0 0 2512 4020; ppageno 0'>
   <div class='ocr_carea' id='block_1_1' title="bbox 151 305 749 376">
    <p class='ocr_par' dir='ltr' id='par_1_1' title="bbox 151 305 749 376">
     <span class='ocr_line' id='line_1_1' title="bbox 151 305 749 376; baseline 0 -14"><span class='ocrx_word' id='word_1_1' title='bbox 151 305 192 363; x_wconf 85' lang='lat'>50</span> <span class='ocrx_word' id='word_1_2' title='bbox 509 322 614 376; x_wconf 75' lang='lat' dir='ltr'>nonus,</span> <span class='ocrx_word' id='word_1_3' title='bbox 639 322 749 363; x_wconf 82' lang='lat' dir='ltr'>vrorm.</span> 
     </span>
    </p>
   </div>
   <div class='ocr_carea' id='block_1_2' title="bbox 148 499 1112 1732">
    <p class='ocr_par' dir='ltr' id='par_1_2' title="bbox 148 499 1112 1732">
     <span class='ocr_line' id='line_1_2' title="bbox 191 499 1111 576; baseline 0.002 -19"><span class='ocrx_word' id='word_1_4' title='bbox 191 499 257 557; x_wconf 93' lang='lat' dir='ltr'>ideo</span> <span class='ocrx_word' id='word_1_5' title='bbox 281 499 423 575; x_wconf 89' lang='lat' dir='ltr'>quidquid</span> <span class='ocrx_word' id='word_1_6' title='bbox 436 499 537 574; x_wconf 84' lang='lat' dir='ltr'>magni</span> <span class='ocrx_word' id='word_1_7' title='bbox 555 499 693 558; x_wconf 86' lang='lat' dir='ltr'>momenti</span> <span class='ocrx_word' id='word_1_8' title='bbox 715 499 862 558; x_wconf 90' lang='lat' dir='ltr'>iudicatur</span> <span class='ocrx_word' id='word_1_9' title='bbox 875 499 913 559; x_wconf 89' lang='lat' dir='ltr'>ad</span> <span class='ocrx_word' id='word_1_10' title='bbox 928 501 1111 576; x_wconf 82' lang='lat' dir='ltr'>syphogran-</span> 
     </span>
     <span class='ocr_line' id='line_1_3' title="bbox 192 588 1111 664; baseline 0.001 -18"><span class='ocrx_word' id='word_1_11' title='bbox 192 594 288 647; x_wconf 87' lang='lat' dir='ltr'>torum</span> <span class='ocrx_word' id='word_1_12' title='bbox 312 588 428 646; x_wconf 90' lang='lat' dir='ltr'>comitia</span> <span class='ocrx_word' id='word_1_13' title='bbox 455 588 598 661; x_wconf 79' lang='lat' dir='ltr'>defertur,</span> <span class='ocrx_word' id='word_1_14' title='bbox 629 588 680 664; x_wconf 89' lang='lat' dir='ltr'>qui</span> <span class='ocrx_word' id='word_1_15' title='bbox 708 606 775 646; x_wconf 91' lang='lat' dir='ltr'>cum</span> <span class='ocrx_word' id='word_1_16' title='bbox 805 589 866 647; x_wconf 90' lang='lat' dir='ltr'>suis</span> <span class='ocrx_word' id='word_1_17' title='bbox 889 590 1019 648; x_wconf 85' lang='lat' dir='ltr'>familiis</span> <span class='ocrx_word' id='word_1_18' title='bbox 1033 607 1111 649; x_wconf 88' lang='lat' dir='ltr'>com·</span> 
     </span>
     <span class='ocr_line' id='line_1_4' title="bbox 192 677 1111 753; baseline 0.002 -19"><span class='ocrx_word' id='word_1_19' title='bbox 192 677 340 735; x_wconf 83' lang='lat' dir='ltr'>manicata</span> <span class='ocrx_word' id='word_1_20' title='bbox 366 695 399 736; x_wconf 88' lang='lat' dir='ltr'>re</span> <span class='ocrx_word' id='word_1_21' title='bbox 426 682 494 753; x_wconf 89' lang='lat' dir='ltr'>post</span> <span class='ocrx_word' id='word_1_22' title='bbox 520 677 597 735; x_wconf 91' lang='lat' dir='ltr'>inter</span> <span class='ocrx_word' id='word_1_23' title='bbox 625 695 657 735; x_wconf 92' lang='lat' dir='ltr'>se</span> <span class='ocrx_word' id='word_1_24' title='bbox 685 678 852 736; x_wconf 73' lang='lat' dir='ltr'>consultant</span> <span class='ocrx_word' id='word_1_25' title='bbox 873 696 908 736; x_wconf 91' lang='lat' dir='ltr'>ac</span> <span class='ocrx_word' id='word_1_26' title='bbox 932 696 1021 736; x_wconf 89' lang='lat' dir='ltr'>suum</span> <span class='ocrx_word' id='word_1_27' title='bbox 1043 696 1111 737; x_wconf 92' lang='lat' dir='ltr'>con·</span> 
     </span>
     <span class='ocr_line' id='line_1_5' title="bbox 148 760 1111 844; baseline 0.007 -26"><span class='ocrx_word' id='word_1_28' title='bbox 148 760 213 831; x_wconf 77' lang='lat' dir='ltr'>[fiij</span> <span class='ocrx_word' id='word_1_29' title='bbox 242 766 340 824; x_wconf 90' lang='lat' dir='ltr'>silium</span> <span class='ocrx_word' id='word_1_30' title='bbox 365 762 369 844; x_wconf 77' lang='grc' dir='ltr'>Ι</span> <span class='ocrx_word' id='word_1_31' title='bbox 395 766 563 824; x_wconf 86' lang='lat' dir='ltr'>renuntiant</span> <span class='ocrx_word' id='word_1_32' title='bbox 595 767 716 825; x_wconf 89' lang='lat' dir='ltr'>senatui.</span> <span class='ocrx_word' id='word_1_33' title='bbox 768 766 921 825; x_wconf 86' lang='lat' dir='ltr'>Interdum</span> <span class='ocrx_word' id='word_1_34' title='bbox 951 767 989 824; x_wconf 90' lang='lat' dir='ltr'>ad</span> <span class='ocrx_word' id='word_1_35' title='bbox 1019 767 1111 826; x_wconf 86' lang='lat' dir='ltr'>totins</span> 
     </span>
     <span class='ocr_line' id='line_1_6' title="bbox 161 852 1111 932; baseline 0.006 -24"><span class='ocrx_word' id='word_1_36' title='bbox 161 868 173 908; x_wconf 85' lang='lat'>5</span> <span class='ocrx_word' id='word_1_37' title='bbox 193 855 307 914; x_wconf 89' lang='lat' dir='ltr'>insulae</span> <span class='ocrx_word' id='word_1_38' title='bbox 329 855 483 913; x_wconf 88' lang='lat' dir='ltr'>consilium</span> <span class='ocrx_word' id='word_1_39' title='bbox 506 873 553 913; x_wconf 87' lang='lat' dir='ltr'>res</span> <span class='ocrx_word' id='word_1_40' title='bbox 577 854 714 913; x_wconf 79' lang='lat' dir='ltr'>defertur.</span> <span class='ocrx_word' id='word_1_41' title='bbox 747 852 824 927; x_wconf 77' lang='lat' dir='ltr'>Quin</span> <span class='ocrx_word' id='word_1_42' title='bbox 840 855 872 913; x_wconf 91' lang='lat' dir='ltr'>id</span> <span class='ocrx_word' id='word_1_43' title='bbox 888 874 1005 932; x_wconf 87' lang='lat' dir='ltr'>quoque</span> <span class='ocrx_word' id='word_1_44' title='bbox 1021 857 1111 914; x_wconf 89' lang='lat' dir='ltr'>moris</span> 
     </span>
     <span class='ocr_line' id='line_1_7' title="bbox 193 943 1110 1021; baseline 0.002 -20"><span class='ocrx_word' id='word_1_45' title='bbox 193 944 280 1002; x_wconf 87' lang='lat' dir='ltr'>habet</span> <span class='ocrx_word' id='word_1_46' title='bbox 308 949 438 1016; x_wconf 76' lang='lat' dir='ltr'>senatuS,</span> <span class='ocrx_word' id='word_1_47' title='bbox 469 949 502 1002; x_wconf 91' lang='lat' dir='ltr'>ut</span> <span class='ocrx_word' id='word_1_48' title='bbox 529 943 603 1002; x_wconf 85' lang='lat' dir='ltr'>nihil</span> <span class='ocrx_word' id='word_1_49' title='bbox 625 962 683 1019; x_wconf 91' lang='lat' dir='ltr'>quo</span> <span class='ocrx_word' id='word_1_50' title='bbox 707 944 755 1002; x_wconf 89' lang='lat' dir='ltr'>die</span> <span class='ocrx_word' id='word_1_51' title='bbox 778 945 906 1020; x_wconf 87' lang='lat' dir='ltr'>primum</span> <span class='ocrx_word' id='word_1_52' title='bbox 929 945 1110 1021; x_wconf 87' lang='lat' dir='ltr'>proponitur,</span> 
     </span>
     <span class='ocr_line' id='line_1_8' title="bbox 193 1032 1110 1108; baseline 0.001 -18"><span class='ocrx_word' id='word_1_53' title='bbox 193 1033 295 1091; x_wconf 88' lang='lat' dir='ltr'>eodem</span> <span class='ocrx_word' id='word_1_54' title='bbox 310 1032 483 1108; x_wconf 70' lang='lat' dir='ltr'>disputetis,</span> <span class='ocrx_word' id='word_1_55' title='bbox 498 1032 551 1090; x_wconf 90' lang='lat' dir='ltr'>sed</span> <span class='ocrx_word' id='word_1_56' title='bbox 566 1033 596 1090; x_wconf 91' lang='lat' dir='ltr'>in</span> <span class='ocrx_word' id='word_1_57' title='bbox 612 1038 784 1108; x_wconf 82' lang='lat' dir='ltr'>sequentem</span> <span class='ocrx_word' id='word_1_58' title='bbox 800 1039 934 1091; x_wconf 90' lang='lat' dir='ltr'>senatum</span> <span class='ocrx_word' id='word_1_59' title='bbox 948 1034 1110 1107; x_wconf 80' lang='lat' dir='ltr'>differatur,</span> 
     </span>
     <span class='ocr_line' id='line_1_9' title="bbox 191 1121 1110 1198; baseline 0.003 -19"><span class='ocrx_word' id='word_1_60' title='bbox 191 1140 229 1180; x_wconf 91' lang='lat' dir='ltr'>ne</span> <span class='ocrx_word' id='word_1_61' title='bbox 253 1121 328 1197; x_wconf 86' lang='lat' dir='ltr'>quis,</span> <span class='ocrx_word' id='word_1_62' title='bbox 352 1121 402 1179; x_wconf 89' lang='lat' dir='ltr'>ubi</span> <span class='ocrx_word' id='word_1_63' title='bbox 426 1122 504 1198; x_wconf 92' lang='lat' dir='ltr'>quod</span> <span class='ocrx_word' id='word_1_64' title='bbox 526 1122 556 1178; x_wconf 91' lang='lat' dir='ltr'>in</span> <span class='ocrx_word' id='word_1_65' title='bbox 574 1123 697 1181; x_wconf 89' lang='lat' dir='ltr'>buccam</span> <span class='ocrx_word' id='word_1_66' title='bbox 716 1122 842 1197; x_wconf 89' lang='lat' dir='ltr'>primum</span> <span class='ocrx_word' id='word_1_67' title='bbox 861 1123 976 1181; x_wconf 81' lang='lat' dir='ltr'>venerit</span> <span class='ocrx_word' id='word_1_68' title='bbox 998 1128 1110 1182; x_wconf 87' lang='lat' dir='ltr'>temere</span> 
     </span>
     <span class='ocr_line' id='line_1_10' title="bbox 191 1210 1111 1288; baseline 0 -18"><span class='ocrx_word' id='word_1_69' title='bbox 191 1210 337 1284; x_wconf 87' lang='lat' dir='ltr'>effutierit,</span> <span class='ocrx_word' id='word_1_70' title='bbox 365 1211 520 1288; x_wconf 73' lang='lat' dir='ltr'>capotius</span> <span class='ocrx_word' id='word_1_71' title='bbox 543 1210 690 1285; x_wconf 79' lang='lat' dir='ltr'>excogitet</span> <span class='ocrx_word' id='word_1_72' title='bbox 716 1216 826 1287; x_wconf 89' lang='lat' dir='ltr'>postea,</span> <span class='ocrx_word' id='word_1_73' title='bbox 855 1211 963 1287; x_wconf 86' lang='lat' dir='ltr'>quibus</span> <span class='ocrx_word' id='word_1_74' title='bbox 992 1211 1111 1271; x_wconf 86' lang='lat' dir='ltr'>decreta</span> 
     </span>
     <span class='ocr_line' id='line_1_11' title="bbox 150 1299 1112 1376; baseline 0.006 -24"><span class='ocrx_word' id='word_1_75' title='bbox 150 1312 175 1353; x_wconf 81' lang='lat' dir='ltr'>ro</span> <span class='ocrx_word' id='word_1_76' title='bbox 194 1304 312 1358; x_wconf 88' lang='lat' dir='ltr'>tueatur</span> <span class='ocrx_word' id='word_1_77' title='bbox 346 1317 413 1372; x_wconf 87' lang='lat' dir='ltr'>sna,</span> <span class='ocrx_word' id='word_1_78' title='bbox 446 1318 534 1375; x_wconf 89' lang='lat' dir='ltr'>quam</span> <span class='ocrx_word' id='word_1_79' title='bbox 563 1317 638 1374; x_wconf 93' lang='lat' dir='ltr'>quae</span> <span class='ocrx_word' id='word_1_80' title='bbox 666 1317 705 1358; x_wconf 87' lang='lat' dir='ltr'>ex</span> <span class='ocrx_word' id='word_1_81' title='bbox 732 1300 775 1358; x_wconf 92' lang='lat' dir='ltr'>rei</span> <span class='ocrx_word' id='word_1_82' title='bbox 802 1299 938 1376; x_wconf 88' lang='lat' dir='ltr'>publicae</span> <span class='ocrx_word' id='word_1_83' title='bbox 965 1319 1024 1359; x_wconf 86' lang='lat' dir='ltr'>usu</span> <span class='ocrx_word' id='word_1_84' title='bbox 1052 1301 1112 1359; x_wconf 90' lang='lat' dir='ltr'>sint</span> 
     </span>
     <span class='ocr_line' id='line_1_12' title="bbox 191 1388 1110 1465; baseline 0.002 -19"><span class='ocrx_word' id='word_1_85' title='bbox 191 1388 331 1465; x_wconf 80' lang='lat' dir='ltr'>malitque</span> <span class='ocrx_word' id='word_1_86' title='bbox 346 1388 450 1447; x_wconf 90' lang='lat' dir='ltr'>salutis</span> <span class='ocrx_word' id='word_1_87' title='bbox 464 1388 598 1464; x_wconf 89' lang='lat' dir='ltr'>publicae</span> <span class='ocrx_word' id='word_1_88' title='bbox 608 1407 696 1464; x_wconf 90' lang='lat' dir='ltr'>quam</span> <span class='ocrx_word' id='word_1_89' title='bbox 710 1388 854 1465; x_wconf 81' lang='lat' dir='ltr'>opinionis</span> <span class='ocrx_word' id='word_1_90' title='bbox 868 1389 905 1448; x_wconf 94' lang='lat' dir='ltr'>de</span> <span class='ocrx_word' id='word_1_91' title='bbox 920 1407 952 1447; x_wconf 91' lang='lat' dir='ltr'>se</span> <span class='ocrx_word' id='word_1_92' title='bbox 966 1389 1110 1448; x_wconf 88' lang='lat' dir='ltr'>iacturam</span> 
     </span>
     <span class='ocr_line' id='line_1_13' title="bbox 191 1477 1111 1554; baseline 0.002 -20"><span class='ocrx_word' id='word_1_93' title='bbox 191 1478 289 1536; x_wconf 80' lang='lat' dir='ltr'>lacere</span> <span class='ocrx_word' id='word_1_94' title='bbox 318 1495 456 1553; x_wconf 86' lang='lat' dir='ltr'>perverso</span> <span class='ocrx_word' id='word_1_95' title='bbox 486 1477 612 1554; x_wconf 89' lang='lat' dir='ltr'>quodam</span> <span class='ocrx_word' id='word_1_96' title='bbox 639 1495 674 1535; x_wconf 87' lang='lat' dir='ltr'>ac</span> <span class='ocrx_word' id='word_1_97' title='bbox 700 1482 889 1553; x_wconf 86' lang='lat' dir='ltr'>praepostero</span> <span class='ocrx_word' id='word_1_98' title='bbox 916 1478 1043 1554; x_wconf 91' lang='lat' dir='ltr'>pudore,</span> <span class='ocrx_word' id='word_1_99' title='bbox 1073 1497 1111 1536; x_wconf 92' lang='lat' dir='ltr'>ne</span> 
     </span>
     <span class='ocr_line' id='line_1_14' title="bbox 191 1566 1110 1644; baseline 0.002 -20"><span class='ocrx_word' id='word_1_100' title='bbox 191 1566 274 1625; x_wconf 87' lang='lat' dir='ltr'>initio</span> <span class='ocrx_word' id='word_1_101' title='bbox 296 1584 400 1642; x_wconf 87' lang='lat' dir='ltr'>parum</span> <span class='ocrx_word' id='word_1_102' title='bbox 423 1566 613 1642; x_wconf 83' lang='lat' dir='ltr'>prospexisse</span> <span class='ocrx_word' id='word_1_103' title='bbox 635 1566 779 1639; x_wconf 79' lang='lat' dir='ltr'>rideatur,</span> <span class='ocrx_word' id='word_1_104' title='bbox 804 1566 852 1625; x_wconf 92' lang='lat' dir='ltr'>cui</span> <span class='ocrx_word' id='word_1_105' title='bbox 870 1567 1110 1644; x_wconf 88' lang='lat' dir='ltr'>prospiciendum</span> 
     </span>
     <span class='ocr_line' id='line_1_15' title="bbox 191 1655 1110 1732; baseline 0.003 -19"><span class='ocrx_word' id='word_1_106' title='bbox 191 1655 274 1714; x_wconf 88' lang='lat' dir='ltr'>initio</span> <span class='ocrx_word' id='word_1_107' title='bbox 302 1655 371 1728; x_wconf 80' lang='lat' dir='ltr'>fuit,</span> <span class='ocrx_word' id='word_1_108' title='bbox 403 1660 436 1713; x_wconf 92' lang='lat' dir='ltr'>ut</span> <span class='ocrx_word' id='word_1_109' title='bbox 463 1655 596 1713; x_wconf 87' lang='lat' dir='ltr'>consulto</span> <span class='ocrx_word' id='word_1_110' title='bbox 619 1655 718 1731; x_wconf 91' lang='lat' dir='ltr'>potius</span> <span class='ocrx_word' id='word_1_111' title='bbox 741 1674 830 1732; x_wconf 88' lang='lat' dir='ltr'>quam</span> <span class='ocrx_word' id='word_1_112' title='bbox 853 1655 910 1713; x_wconf 89' lang='lat' dir='ltr'>cito</span> <span class='ocrx_word' id='word_1_113' title='bbox 932 1656 1110 1732; x_wconf 86' lang='lat' dir='ltr'>loqueretur.</span> 
     </span>
    </p>
   </div>
   <div class='ocr_carea' id='block_1_3' title="bbox 149 1815 778 1874">
    <p class='ocr_par' dir='ltr' id='par_1_3' title="bbox 149 1815 778 1874">
     <span class='ocr_line' id='line_1_16' title="bbox 149 1815 778 1874; baseline 0.01 -6"><span class='ocrx_word' id='word_1_114' title='bbox 149 1828 174 1869; x_wconf 83' lang='lat'>15</span> <span class='ocrx_word' id='word_1_115' title='bbox 521 1815 573 1873; x_wconf 89' lang='lat' dir='ltr'>De</span> <span class='ocrx_word' id='word_1_116' title='bbox 596 1815 778 1874; x_wconf 83' lang='lat' dir='ltr'>artificiis.</span> 
     </span>
    </p>
   </div>
   <div class='ocr_carea' id='block_1_4' title="bbox 146 1921 1110 3154">
    <p class='ocr_par' dir='ltr' id='par_1_4' title="bbox 191 1921 1110 2267">
     <span class='ocr_line' id='line_1_17' title="bbox 260 1921 1110 2000; baseline 0.001 -20"><span class='ocrx_word' id='word_1_117' title='bbox 260 1923 317 1980; x_wconf 82' lang='lat' dir='ltr'>Ars</span> <span class='ocrx_word' id='word_1_118' title='bbox 349 1940 407 1980; x_wconf 90' lang='lat' dir='ltr'>nna</span> <span class='ocrx_word' id='word_1_119' title='bbox 439 1926 486 1980; x_wconf 88' lang='lat' dir='ltr'>est</span> <span class='ocrx_word' id='word_1_120' title='bbox 517 1922 652 1980; x_wconf 91' lang='lat' dir='ltr'>omnibus</span> <span class='ocrx_word' id='word_1_121' title='bbox 682 1921 753 1980; x_wconf 88' lang='lat' dir='ltr'>viris</span> <span class='ocrx_word' id='word_1_122' title='bbox 783 1921 1015 1999; x_wconf 85' lang='lat' dir='ltr'>mulieribusque</span> <span class='ocrx_word' id='word_1_123' title='bbox 1044 1941 1110 2000; x_wconf 93' lang='lat' dir='ltr'>pro-</span> 
     </span>
     <span class='ocr_line' id='line_1_18' title="bbox 191 2011 1110 2087; baseline 0.002 -18"><span class='ocrx_word' id='word_1_124' title='bbox 191 2011 320 2070; x_wconf 87' lang='lat' dir='ltr'>miscua:</span> <span class='ocrx_word' id='word_1_125' title='bbox 349 2011 537 2086; x_wconf 85' lang='lat' dir='ltr'>agricultura,</span> <span class='ocrx_word' id='word_1_126' title='bbox 560 2011 645 2069; x_wconf 90' lang='lat' dir='ltr'>ouius</span> <span class='ocrx_word' id='word_1_127' title='bbox 668 2029 755 2069; x_wconf 89' lang='lat' dir='ltr'>nemo</span> <span class='ocrx_word' id='word_1_128' title='bbox 777 2015 823 2070; x_wconf 82' lang='lat' dir='ltr'>est·</span> <span class='ocrx_word' id='word_1_129' title='bbox 845 2029 960 2087; x_wconf 88' lang='lat' dir='ltr'>expers.</span> <span class='ocrx_word' id='word_1_130' title='bbox 1007 2012 1110 2071; x_wconf 83' lang='lat' dir='ltr'>Heca</span> 
     </span>
     <span class='ocr_line' id='line_1_19' title="bbox 191 2099 1110 2176; baseline 0.001 -18"><span class='ocrx_word' id='word_1_131' title='bbox 191 2100 318 2176; x_wconf 90' lang='lat' dir='ltr'>pueritia</span> <span class='ocrx_word' id='word_1_132' title='bbox 346 2099 522 2159; x_wconf 91' lang='lat' dir='ltr'>erudiuntur</span> <span class='ocrx_word' id='word_1_133' title='bbox 549 2117 649 2158; x_wconf 89' lang='lat' dir='ltr'>omnes</span> <span class='ocrx_word' id='word_1_134' title='bbox 677 2101 784 2176; x_wconf 86' lang='lat' dir='ltr'>partim</span> <span class='ocrx_word' id='word_1_135' title='bbox 811 2100 842 2157; x_wconf 90' lang='lat' dir='ltr'>in</span> <span class='ocrx_word' id='word_1_136' title='bbox 870 2100 971 2159; x_wconf 91' lang='lat' dir='ltr'>schola</span> <span class='ocrx_word' id='word_1_137' title='bbox 994 2101 1110 2160; x_wconf 85' lang='lat' dir='ltr'>traditis</span> 
     </span>
     <span class='ocr_line' id='line_1_20' title="bbox 192 2188 1110 2267; baseline 0.001 -21"><span class='ocrx_word' id='word_1_138' title='bbox 192 2189 365 2264; x_wconf 66' lang='lat' dir='ltr'>praeceptis</span> <span class='ocrx_word' id='word_1_139' title='bbox 388 2189 496 2265; x_wconf 88' lang='lat' dir='ltr'>partim</span> <span class='ocrx_word' id='word_1_140' title='bbox 518 2188 550 2246; x_wconf 90' lang='lat' dir='ltr'>in</span> <span class='ocrx_word' id='word_1_141' title='bbox 572 2205 659 2263; x_wconf 84' lang='lat' dir='ltr'>agros</span> <span class='ocrx_word' id='word_1_142' title='bbox 682 2188 838 2248; x_wconf 87' lang='lat' dir='ltr'>viciniores</span> <span class='ocrx_word' id='word_1_143' title='bbox 861 2189 925 2248; x_wconf 90' lang='lat' dir='ltr'>urbi</span> <span class='ocrx_word' id='word_1_144' title='bbox 950 2190 1035 2266; x_wconf 84' lang='lat' dir='ltr'>quasi</span> <span class='ocrx_word' id='word_1_145' title='bbox 1056 2209 1110 2267; x_wconf 92' lang='lat' dir='ltr'>per</span> 
     </span>
    </p>

    <p class='ocr_par' dir='ltr' id='par_1_5' title="bbox 146 2277 1109 2715">
     <span class='ocr_line' id='line_1_21' title="bbox 146 2277 1109 2354; baseline 0.007 -25"><span class='ocrx_word' id='word_1_146' title='bbox 146 2289 173 2330; x_wconf 87' lang='lat'>20</span> <span class='ocrx_word' id='word_1_147' title='bbox 191 2278 295 2335; x_wconf 88' lang='lat' dir='ltr'>ludum</span> <span class='ocrx_word' id='word_1_148' title='bbox 322 2277 434 2350; x_wconf 80' lang='lat' dir='ltr'>educti,</span> <span class='ocrx_word' id='word_1_149' title='bbox 464 2296 521 2335; x_wconf 93' lang='lat' dir='ltr'>non</span> <span class='ocrx_word' id='word_1_150' title='bbox 548 2277 698 2336; x_wconf 84' lang='lat' dir='ltr'>intuentes</span> <span class='ocrx_word' id='word_1_151' title='bbox 725 2278 824 2351; x_wconf 87' lang='lat' dir='ltr'>modo,</span> <span class='ocrx_word' id='word_1_152' title='bbox 854 2278 907 2336; x_wconf 92' lang='lat' dir='ltr'>sed</span> <span class='ocrx_word' id='word_1_153' title='bbox 930 2296 984 2354; x_wconf 91' lang='lat' dir='ltr'>per</span> <span class='ocrx_word' id='word_1_154' title='bbox 1007 2297 1109 2338; x_wconf 88' lang='lat' dir='ltr'>excer-</span> 
     </span>
     <span class='ocr_line' id='line_1_22' title="bbox 193 2367 1109 2443; baseline 0.002 -18"><span class='ocrx_word' id='word_1_155' title='bbox 193 2367 301 2425; x_wconf 89' lang='lat' dir='ltr'>citandi</span> <span class='ocrx_word' id='word_1_156' title='bbox 324 2367 453 2443; x_wconf 91' lang='lat' dir='ltr'>corporis</span> <span class='ocrx_word' id='word_1_157' title='bbox 476 2367 656 2425; x_wconf 85' lang='lat' dir='ltr'>occasionem</span> <span class='ocrx_word' id='word_1_158' title='bbox 678 2371 837 2425; x_wconf 71' lang='lat' dir='ltr'>mactantes</span> <span class='ocrx_word' id='word_1_159' title='bbox 851 2367 948 2425; x_wconf 91' lang='lat' dir='ltr'>etiam.</span> <span class='ocrx_word' id='word_1_160' title='bbox 988 2367 1109 2427; x_wconf 86' lang='lat' dir='ltr'>Praeter</span> 
     </span>
     <span class='ocr_line' id='line_1_23' title="bbox 190 2455 1108 2532; baseline 0.003 -19"><span class='ocrx_word' id='word_1_161' title='bbox 190 2457 409 2531; x_wconf 82' lang='lat' dir='ltr'>agriculturam,</span> <span class='ocrx_word' id='word_1_162' title='bbox 438 2472 513 2532; x_wconf 87' lang='lat' dir='ltr'>quae</span> <span class='ocrx_word' id='word_1_163' title='bbox 536 2461 582 2513; x_wconf 89' lang='lat' dir='ltr'>est</span> <span class='ocrx_word' id='word_1_164' title='bbox 604 2455 748 2528; x_wconf 87' lang='lat' dir='ltr'>omnibus,</span> <span class='ocrx_word' id='word_1_165' title='bbox 776 2461 810 2514; x_wconf 92' lang='lat' dir='ltr'>ut</span> <span class='ocrx_word' id='word_1_166' title='bbox 837 2455 907 2530; x_wconf 86' lang='lat' dir='ltr'>dixi,</span> <span class='ocrx_word' id='word_1_167' title='bbox 936 2457 1108 2530; x_wconf 89' lang='lat' dir='ltr'>communis,</span> 
     </span>
     <span class='ocr_line' id='line_1_24' title="bbox 192 2544 1108 2621; baseline 0.003 -19"><span class='ocrx_word' id='word_1_168' title='bbox 192 2545 316 2621; x_wconf 88' lang='lat' dir='ltr'>quilibet</span> <span class='ocrx_word' id='word_1_169' title='bbox 338 2563 427 2603; x_wconf 91' lang='lat' dir='ltr'>unam</span> <span class='ocrx_word' id='word_1_170' title='bbox 451 2545 619 2620; x_wconf 87' lang='lat' dir='ltr'>quampiam</span> <span class='ocrx_word' id='word_1_171' title='bbox 641 2550 781 2621; x_wconf 86' lang='lat' dir='ltr'>tanquam</span> <span class='ocrx_word' id='word_1_172' title='bbox 804 2563 888 2603; x_wconf 87' lang='lat' dir='ltr'>suam</span> <span class='ocrx_word' id='word_1_173' title='bbox 911 2544 1049 2621; x_wconf 81' lang='lat' dir='ltr'>docetur3</span> <span class='ocrx_word' id='word_1_174' title='bbox 1075 2564 1108 2605; x_wconf 87' lang='lat' dir='ltr'>ea</span> 
     </span>
     <span class='ocr_line' id='line_1_25' title="bbox 191 2633 1109 2715; baseline 0.001 -23"><span class='ocrx_word' id='word_1_175' title='bbox 191 2639 237 2692; x_wconf 90' lang='lat' dir='ltr'>est</span> <span class='ocrx_word' id='word_1_176' title='bbox 259 2635 321 2693; x_wconf 79' lang='lat' dir='ltr'>fere</span> <span class='ocrx_word' id='word_1_177' title='bbox 344 2638 395 2692; x_wconf 90' lang='lat' dir='ltr'>aut</span> <span class='ocrx_word' id='word_1_178' title='bbox 417 2633 577 2691; x_wconf 85' lang='lat' dir='ltr'>lanificium</span> <span class='ocrx_word' id='word_1_179' title='bbox 599 2638 650 2692; x_wconf 90' lang='lat' dir='ltr'>aut</span> <span class='ocrx_word' id='word_1_180' title='bbox 672 2633 812 2709; x_wconf 86' lang='lat' dir='ltr'>operandi</span> <span class='ocrx_word' id='word_1_181' title='bbox 834 2634 889 2691; x_wconf 89' lang='lat' dir='ltr'>lini</span> <span class='ocrx_word' id='word_1_182' title='bbox 912 2634 1045 2715; x_wconf 88' lang='lat' dir='ltr'>studium</span> <span class='ocrx_word' id='word_1_183' title='bbox 1058 2640 1109 2694; x_wconf 91' lang='lat' dir='ltr'>aut</span> 
     </span>
    </p>

    <p class='ocr_par' dir='ltr' id='par_1_6' title="bbox 146 2722 1108 3154">
     <span class='ocr_line' id='line_1_26' title="bbox 146 2722 1108 2782; baseline 0.006 -6"><span class='ocrx_word' id='word_1_184' title='bbox 146 2734 173 2776; x_wconf 85' lang='lat'>25</span> <span class='ocrx_word' id='word_1_185' title='bbox 192 2723 451 2782; x_wconf 88' lang='lat' dir='ltr'>caementariorum</span> <span class='ocrx_word' id='word_1_186' title='bbox 479 2728 530 2781; x_wconf 91' lang='lat' dir='ltr'>aut</span> <span class='ocrx_word' id='word_1_187' title='bbox 556 2722 631 2781; x_wconf 82' lang='lat' dir='ltr'>fabri</span> <span class='ocrx_word' id='word_1_188' title='bbox 659 2740 710 2781; x_wconf 93' lang='lat' dir='ltr'>seu</span> <span class='ocrx_word' id='word_1_189' title='bbox 737 2723 851 2781; x_wconf 84' lang='lat' dir='ltr'>ferrarii</span> <span class='ocrx_word' id='word_1_190' title='bbox 874 2740 928 2780; x_wconf 91' lang='lat' dir='ltr'>seu</span> <span class='ocrx_word' id='word_1_191' title='bbox 950 2723 1108 2782; x_wconf 87' lang='lat' dir='ltr'>materiarii</span> 
     </span>
     <span class='ocr_line' id='line_1_27' title="bbox 191 2811 1107 2889; baseline 0 -19"><span class='ocrx_word' id='word_1_192' title='bbox 191 2812 354 2871; x_wconf 86' lang='lat' dir='ltr'>artificium.</span> <span class='ocrx_word' id='word_1_193' title='bbox 386 2811 490 2888; x_wconf 88' lang='lat' dir='ltr'>Neque</span> <span class='ocrx_word' id='word_1_194' title='bbox 504 2811 582 2870; x_wconf 91' lang='lat' dir='ltr'>enim</span> <span class='ocrx_word' id='word_1_195' title='bbox 596 2811 677 2869; x_wconf 88' lang='lat' dir='ltr'>aliud</span> <span class='ocrx_word' id='word_1_196' title='bbox 690 2817 736 2870; x_wconf 89' lang='lat' dir='ltr'>est</span> <span class='ocrx_word' id='word_1_197' title='bbox 750 2811 899 2888; x_wconf 86' lang='lat' dir='ltr'>opificium</span> <span class='ocrx_word' id='word_1_198' title='bbox 912 2811 1015 2885; x_wconf 87' lang='lat' dir='ltr'>ullum,</span> <span class='ocrx_word' id='word_1_199' title='bbox 1031 2811 1107 2889; x_wconf 91' lang='lat' dir='ltr'>quod</span> 
     </span>
     <span class='ocr_line' id='line_1_28' title="bbox 191 2900 1106 2976; baseline -0.001 -17"><span class='ocrx_word' id='word_1_200' title='bbox 191 2919 346 2959; x_wconf 91' lang='lat' dir='ltr'>numerum</span> <span class='ocrx_word' id='word_1_201' title='bbox 369 2901 498 2976; x_wconf 87' lang='lat' dir='ltr'>aliquem</span> <span class='ocrx_word' id='word_1_202' title='bbox 522 2900 602 2958; x_wconf 88' lang='lat' dir='ltr'>dictu</span> <span class='ocrx_word' id='word_1_203' title='bbox 625 2900 748 2975; x_wconf 85' lang='lat' dir='ltr'>dignum</span> <span class='ocrx_word' id='word_1_204' title='bbox 771 2905 895 2976; x_wconf 89' lang='lat' dir='ltr'>occupet</span> <span class='ocrx_word' id='word_1_205' title='bbox 917 2901 987 2959; x_wconf 92' lang='lat' dir='ltr'>illic.</span> <span class='ocrx_word' id='word_1_206' title='bbox 1033 2901 1106 2960; x_wconf 89' lang='lat' dir='ltr'>Nam</span> 
     </span>
     <span class='ocr_line' id='line_1_29' title="bbox 191 2989 1107 3066; baseline 0.002 -20"><span class='ocrx_word' id='word_1_207' title='bbox 191 2995 298 3063; x_wconf 68' lang='lat' dir='ltr'>vestes</span> <span class='ocrx_word' id='word_1_208' title='bbox 322 3009 454 3066; x_wconf 86' lang='lat' dir='ltr'>quarum,</span> <span class='ocrx_word' id='word_1_209' title='bbox 478 2989 534 3047; x_wconf 92' lang='lat' dir='ltr'>nisi</span> <span class='ocrx_word' id='word_1_210' title='bbox 558 2989 636 3065; x_wconf 93' lang='lat' dir='ltr'>quod</span> <span class='ocrx_word' id='word_1_211' title='bbox 658 2989 758 3047; x_wconf 91' lang='lat' dir='ltr'>habitu</span> <span class='ocrx_word' id='word_1_212' title='bbox 781 3007 872 3048; x_wconf 89' lang='lat' dir='ltr'>sexus</span> <span class='ocrx_word' id='word_1_213' title='bbox 886 2989 1066 3048; x_wconf 87' lang='lat' dir='ltr'>discernitur</span> <span class='ocrx_word' id='word_1_214' title='bbox 1078 2994 1107 3048; x_wconf 90' lang='lat' dir='ltr'>et</span> 
     </span>
     <span class='ocr_line' id='line_1_30' title="bbox 192 3078 1107 3154; baseline 0 -18"><span class='ocrx_word' id='word_1_215' title='bbox 192 3078 349 3137; x_wconf 90' lang='lat' dir='ltr'>caelibatus</span> <span class='ocrx_word' id='word_1_216' title='bbox 363 3098 381 3137; x_wconf 92' lang='lat' dir='ltr'>a</span> <span class='ocrx_word' id='word_1_217' title='bbox 394 3078 540 3153; x_wconf 83' lang='lat' dir='ltr'>coniugio,</span> <span class='ocrx_word' id='word_1_218' title='bbox 564 3097 623 3136; x_wconf 88' lang='lat' dir='ltr'>una</span> <span class='ocrx_word' id='word_1_219' title='bbox 639 3096 693 3154; x_wconf 91' lang='lat' dir='ltr'>per</span> <span class='ocrx_word' id='word_1_220' title='bbox 707 3084 799 3136; x_wconf 85' lang='lat' dir='ltr'>totam</span> <span class='ocrx_word' id='word_1_221' title='bbox 811 3078 939 3136; x_wconf 88' lang='lat' dir='ltr'>insulam</span> <span class='ocrx_word' id='word_1_222' title='bbox 952 3079 1047 3138; x_wconf 86' lang='lat' dir='ltr'>forma</span> <span class='ocrx_word' id='word_1_223' title='bbox 1062 3085 1107 3138; x_wconf 88' lang='lat' dir='ltr'>est</span> 
     </span>
    </p>
   </div>
   <div class='ocr_carea' id='block_1_5' title="bbox 146 3167 1105 3600">
    <p class='ocr_par' dir='ltr' id='par_1_7' title="bbox 146 3167 1105 3600">
     <span class='ocr_line' id='line_1_31' title="bbox 146 3167 1105 3243; baseline 0.006 -24"><span class='ocrx_word' id='word_1_224' title='bbox 146 3180 173 3220; x_wconf 83' lang='lat' dir='ltr'>ao</span> <span class='ocrx_word' id='word_1_225' title='bbox 190 3168 352 3243; x_wconf 88' lang='lat' dir='ltr'>eademque</span> <span class='ocrx_word' id='word_1_226' title='bbox 375 3186 429 3243; x_wconf 88' lang='lat' dir='ltr'>per</span> <span class='ocrx_word' id='word_1_227' title='bbox 452 3185 538 3225; x_wconf 91' lang='lat' dir='ltr'>omne</span> <span class='ocrx_word' id='word_1_228' title='bbox 561 3186 667 3225; x_wconf 76' lang='lat' dir='ltr'>aemam</span> <span class='ocrx_word' id='word_1_229' title='bbox 689 3172 831 3243; x_wconf 88' lang='lat' dir='ltr'>perpetua</span> <span class='ocrx_word' id='word_1_230' title='bbox 853 3185 908 3226; x_wconf 87' lang='lat' dir='ltr'>nec</span> <span class='ocrx_word' id='word_1_231' title='bbox 929 3167 967 3226; x_wconf 91' lang='lat' dir='ltr'>ad</span> <span class='ocrx_word' id='word_1_232' title='bbox 991 3169 1105 3227; x_wconf 90' lang='lat' dir='ltr'>oculum</span> 
     </span>
     <span class='ocr_line' id='line_1_32' title="bbox 191 3256 1105 3333; baseline 0.001 -20"><span class='ocrx_word' id='word_1_233' title='bbox 191 3256 328 3314; x_wconf 82' lang='lat' dir='ltr'>indecora</span> <span class='ocrx_word' id='word_1_234' title='bbox 351 3262 381 3314; x_wconf 89' lang='lat' dir='ltr'>et</span> <span class='ocrx_word' id='word_1_235' title='bbox 401 3256 438 3314; x_wconf 88' lang='lat' dir='ltr'>ad</span> <span class='ocrx_word' id='word_1_236' title='bbox 453 3256 583 3332; x_wconf 89' lang='lat' dir='ltr'>corporis</span> <span class='ocrx_word' id='word_1_237' title='bbox 597 3261 709 3314; x_wconf 90' lang='lat' dir='ltr'>motum</span> <span class='ocrx_word' id='word_1_238' title='bbox 723 3256 838 3329; x_wconf 81' lang='lat' dir='ltr'>habffis,</span> <span class='ocrx_word' id='word_1_239' title='bbox 861 3261 926 3314; x_wconf 88' lang='lat' dir='ltr'>tum</span> <span class='ocrx_word' id='word_1_240' title='bbox 939 3257 978 3314; x_wconf 91' lang='lat' dir='ltr'>ad</span> <span class='ocrx_word' id='word_1_241' title='bbox 991 3256 1105 3333; x_wconf 79' lang='lat' dir='ltr'>frigoris</span> 
     </span>
     <span class='ocr_line' id='line_1_33' title="bbox 191 3344 1104 3423; baseline 0 -21"><span class='ocrx_word' id='word_1_242' title='bbox 191 3350 348 3422; x_wconf 89' lang='lat' dir='ltr'>aestusque</span> <span class='ocrx_word' id='word_1_243' title='bbox 363 3346 507 3404; x_wconf 88' lang='lat' dir='ltr'>rationem</span> <span class='ocrx_word' id='word_1_244' title='bbox 522 3346 663 3421; x_wconf 88' lang='lat' dir='ltr'>apposita,</span> <span class='ocrx_word' id='word_1_245' title='bbox 681 3363 739 3418; x_wconf 88' lang='lat' dir='ltr'>eas,</span> <span class='ocrx_word' id='word_1_246' title='bbox 756 3345 884 3422; x_wconf 88' lang='lat' dir='ltr'>inquam,</span> <span class='ocrx_word' id='word_1_247' title='bbox 903 3364 1038 3423; x_wconf 86' lang='lat' dir='ltr'>quaeque</span> <span class='ocrx_word' id='word_1_248' title='bbox 1054 3344 1104 3404; x_wconf 92' lang='lat' dir='ltr'>sibi</span> 
     </span>
     <span class='ocr_line' id='line_1_34' title="bbox 190 3434 1104 3512; baseline 0.001 -21"><span class='ocrx_word' id='word_1_249' title='bbox 190 3434 301 3492; x_wconf 85' lang='lat' dir='ltr'>familia</span> <span class='ocrx_word' id='word_1_250' title='bbox 324 3435 448 3492; x_wconf 87' lang='lat' dir='ltr'>conficit.</span> <span class='ocrx_word' id='word_1_251' title='bbox 487 3434 546 3493; x_wconf 82' lang='lat' dir='ltr'>Sed</span> <span class='ocrx_word' id='word_1_252' title='bbox 568 3452 606 3492; x_wconf 90' lang='lat' dir='ltr'>ex</span> <span class='ocrx_word' id='word_1_253' title='bbox 623 3434 688 3492; x_wconf 89' lang='lat' dir='ltr'>aliis</span> <span class='ocrx_word' id='word_1_254' title='bbox 702 3434 761 3492; x_wconf 91' lang='lat' dir='ltr'>illis</span> <span class='ocrx_word' id='word_1_255' title='bbox 776 3434 887 3492; x_wconf 88' lang='lat' dir='ltr'>artibus</span> <span class='ocrx_word' id='word_1_256' title='bbox 902 3434 1104 3512; x_wconf 76' lang='lat' dir='ltr'>unusquisque</span> 
     </span>
     <span class='ocr_line' id='line_1_35' title="bbox 190 3523 1102 3600; baseline 0 -19"><span class='ocrx_word' id='word_1_257' title='bbox 190 3523 317 3600; x_wconf 89' lang='lat' dir='ltr'>aliquam</span> <span class='ocrx_word' id='word_1_258' title='bbox 346 3523 446 3596; x_wconf 87' lang='lat' dir='ltr'>discit,</span> <span class='ocrx_word' id='word_1_259' title='bbox 475 3541 531 3582; x_wconf 91' lang='lat' dir='ltr'>nec</span> <span class='ocrx_word' id='word_1_260' title='bbox 553 3523 609 3580; x_wconf 70' lang='lat' dir='ltr'>riri</span> <span class='ocrx_word' id='word_1_261' title='bbox 636 3523 736 3597; x_wconf 87' lang='lat' dir='ltr'>modo,</span> <span class='ocrx_word' id='word_1_262' title='bbox 766 3523 818 3581; x_wconf 90' lang='lat' dir='ltr'>sed</span> <span class='ocrx_word' id='word_1_263' title='bbox 840 3523 979 3584; x_wconf 89' lang='lat' dir='ltr'>mulieres</span> <span class='ocrx_word' id='word_1_264' title='bbox 1002 3523 1102 3598; x_wconf 75' lang='lat' dir='ltr'>etiam,</span> 
     </span>
    </p>
   </div>
   <div class='ocr_carea' id='block_1_6' title="bbox 0 0 1260 4020">
    <p class='ocr_par' dir='ltr' id='par_1_8' title="bbox 0 0 1260 4020">
     <span class='ocr_line' id='line_1_36' title="bbox 0 0 1260 4020; baseline 0 3"><span class='ocrx_word' id='word_1_265' title='bbox 0 0 1260 4020; x_wconf 95' lang='lat' dir='ltr'> </span> 
     </span>
    </p>
   </div>
  </div>
 </body>
</html>
