2512 4020
148 296 188 354 92
505 315 609 370 uoavs,
632 315 745 355 vrorru.

190 492 290 550 hostes
313 491 463 567 impendio
481 492 644 567 gloriantur
658 492 901 569 triumphumque
916 493 1030 551 obeam
1044 511 1108 551 rem

190 581 350 656 publicitus
373 585 465 656 agunt
487 585 517 640 et
539 582 622 639 velut
644 599 676 640 re
700 586 820 640 strenue
836 587 919 656 gesta
933 583 1107 658 trophaeum

190 670 323 744 erigrmt3
355 674 426 728 tunc
452 670 531 728 enim
554 670 679 729 demum
702 671 829 729 viriliter
856 688 923 729 sese
944 671 1055 729 iactant
1078 675 1108 730 et

190 776 259 817 cum
280 759 390 817 virtute
413 759 551 834 gessisse,
579 759 715 836 quotiens
737 759 778 818 ita
800 760 932 831 vicerint,
961 760 1107 835 quomodo

158 847 305 905 anellum
327 848 436 907 animal
458 853 575 924 praeter
596 848 745 907 hominem
760 848 864 925 potuit,
888 848 979 907 idest
994 848 1108 924 ingenii

189 936 310 995 viribus.
355 936 431 995 Nam
454 937 594 1013 corporis,
621 937 767 1013 inquiunt,
794 937 867 1011 ursi,
894 937 1005 1015 leones,
1033 937 1106 1014 apri,

190 1025 261 1101 lupi,
292 1044 380 1084 canes
408 1031 581 1102 ceteraeque
604 1027 707 1084 beluae
736 1026 888 1100 dimicant,
919 1045 1044 1103 quarum
1074 1036 1108 1086 ut

190 1115 331 1190 pleraque
359 1133 412 1173 nos
436 1116 539 1174 robore
561 1134 596 1174 ac
618 1115 728 1174 ferocia
750 1115 885 1187 vincunt,
916 1115 958 1174 ita
982 1120 1107 1175 cunctae

190 1203 308 1278 ingenio
331 1207 361 1262 et
382 1203 493 1262 ratione
517 1209 700 1280 superantur.
719 1227 720 1230 ¹

146 1304 172 1345 ro
256 1292 321 1350 Hoc
343 1311 435 1350 unum
457 1292 502 1350 illi
524 1293 556 1350 in
579 1293 655 1352 bello
680 1297 822 1369 spectant,
846 1293 888 1351 uti
903 1293 935 1351 id
949 1292 1106 1366 obtineant,

191 1381 268 1457 quod
292 1381 318 1440 si
341 1381 469 1440 luissent
491 1387 558 1441 ante
581 1382 743 1455 consecuti,
771 1381 882 1440 bellum
909 1400 967 1440 non
990 1382 1108 1440 fuerant

190 1470 321 1544 inlaturi,
353 1476 417 1544 aut,
447 1471 474 1529 si
499 1471 532 1528 id
558 1489 607 1529 res
631 1475 722 1544 vetet,
752 1476 812 1529 tam
841 1488 973 1529 severam
1000 1471 1036 1529 ab
1060 1471 1107 1529 his

190 1559 349 1618 vindictam
364 1565 517 1636 expetunt,
541 1560 648 1637 quibus
670 1560 781 1618 lactum
800 1560 956 1635 imputant,
979 1564 1014 1618 ut
1027 1559 1108 1618 idem

190 1666 313 1707 ausuros
336 1649 543 1724 inposterum
565 1655 659 1708 terror
681 1649 848 1707 absterreat.
880 1648 943 1707 Hos
966 1649 1108 1725 propositi

147 1749 173 1790 15
192 1737 237 1795 sui
253 1755 357 1814 scopos
373 1737 529 1811 destinant,
553 1755 626 1815 quos
642 1743 757 1796 mature
771 1742 885 1814 petunt,
901 1744 932 1796 at
945 1737 986 1795 ita
999 1743 1108 1811 tamen,

190 1826 235 1884 uti
270 1826 350 1902 prior
381 1826 494 1885 vitandi
531 1827 656 1903 periculi
691 1845 762 1885 cura
798 1845 887 1902 quam
922 1826 1020 1885 laudis
1057 1832 1109 1885 aut

190 1915 285 1974 famae
309 1915 531 1992 consequendae
554 1916 602 1974 sit.
640 1915 744 1991 Itaque
758 1915 891 1991 protinus
905 1915 1016 1973 indicto
1031 1916 1108 1974 bello
1157 1930 1163 1940 ·

192 2004 347 2062 schedulas
359 2005 492 2081 ipsorum
501 2005 618 2081 publico
633 2004 717 2079 signo
731 2005 880 2063 roboratas
889 2004 962 2063 locis
978 2004 1107 2063 maxime

191 2093 358 2168 conspicuis
386 2094 517 2152 hosticae
544 2099 640 2152 terrae
663 2094 738 2152 clam
762 2111 820 2151 uno
842 2097 976 2168 tempore
998 2093 1107 2151 multas

145 2193 173 2234 20
191 2182 319 2258 appendi
341 2188 510 2259 procurant,
541 2183 649 2259 quibus
671 2182 803 2257 ingentia
825 2181 1002 2258 pollicentur
1024 2199 1107 2258 prae-

190 2271 258 2343 mia,
282 2271 308 2329 si
330 2271 397 2348 quis
419 2272 583 2348 principem
599 2271 800 2330 adversarium
815 2271 976 2344 sustulerit,
1000 2271 1107 2330 deinde

190 2359 315 2433 minora,
348 2379 525 2437 quamquam
554 2361 606 2418 illa
635 2378 751 2437 quoque
781 2359 913 2435 egregia,
945 2359 1107 2418 decernunt

104 2453 106 2456 ’
190 2466 244 2524 pro
267 2449 392 2523 siugulis
416 2467 517 2508 eorum
540 2449 694 2525 capitibus,
717 2467 843 2526 quorum
865 2448 982 2507 nomina
1004 2449 1036 2507 in
1055 2449 1106 2508 iis-

191 2537 258 2595 dem
289 2537 396 2596 litteris
425 2539 627 2614 proscribunt,
660 2538 692 2596 hi
723 2542 805 2610 sunt,
838 2555 912 2615 quos
944 2538 1106 2596 secundum

58 2619 60 2624 ’
145 2637 172 2678 aa
191 2626 353 2702 principem
382 2627 481 2703 ipsum
508 2632 644 2686 auctores
670 2627 737 2685 initi
763 2627 905 2686 adversus
934 2644 967 2685 se
990 2627 1107 2685 consilii

191 2714 310 2773 ducunt.
344 2714 494 2792 Quidquid
508 2716 676 2792 percussori
689 2716 874 2792 praefiniunt,
888 2715 944 2773 hoc
957 2715 1107 2790 geminant

191 2803 227 2877 ei,
252 2804 303 2880 qui
316 2805 419 2862 vivum
440 2805 644 2881 eproscriptis
666 2805 796 2881 aliquem
818 2804 856 2863 ad
877 2822 909 2863 se
923 2804 1106 2880 perduxerit,

191 2910 259 2950 cum
281 2893 361 2968 ipsos
385 2912 502 2970 quoque
522 2894 701 2970 proscriptos
715 2893 854 2970 praemiis
868 2892 983 2966 iisdem,
1007 2893 1107 2952 addita

190 2981 279 3039 etiam
306 2982 479 3059 impunitate
512 2988 613 3041 contra
640 2981 734 3041 socios
761 2983 895 3041 invitant.
940 2981 1045 3058 Itaque
1073 2983 1107 3040 fit

145 3065 338 3140 sceleriter,
368 3077 402 3131 ut
431 3077 462 3131 et
490 3077 605 3130 ceteros
634 3072 772 3129 mortales
800 3076 953 3147 suspectos
981 3071 1107 3130 habeant

191 3164 221 3217 et
244 3159 300 3218 sibi
322 3160 450 3219 invicem
477 3160 538 3236 ipsi
565 3178 661 3236 neque
688 3160 816 3219 fidentes
839 3159 912 3218 satis
935 3177 1030 3236 neque
1053 3159 1106 3218 fidi

191 3238 254 3306 sint
272 3249 460 3326 maximoque
482 3250 513 3307 in
536 3255 617 3308 metu
639 3255 670 3307 et
691 3267 749 3307 non
768 3249 879 3307 minore
893 3248 1024 3324 periculo
1040 3267 1105 3308 ver-

192 3342 303 3396 sentur.
340 3337 416 3397 Nam
439 3356 650 3415 saepenumero
674 3344 790 3397 constat
803 3337 946 3409 evenisse,
969 3338 1013 3395 uti
1031 3338 1107 3397 bona

191 3443 260 3501 pars
290 3445 392 3485 eornm
419 3433 450 3486 et
476 3427 615 3504 princeps
641 3427 673 3484 in
696 3427 799 3502 primis
822 3427 888 3503 ipse
910 3427 947 3485 ab
970 3426 1016 3486 his
1039 3445 1106 3503 pro-

145 3527 172 3568 as
188 3525 269 3582 [unu]
289 3515 437 3590 dereutur,
450 3510 453 3600 l
464 3516 495 3575 iu
510 3516 617 3593 quibus
631 3517 789 3574 maximam
803 3533 887 3592 spem
900 3521 1107 3592 reposuerunt
