2512 4020
507 301 610 357 uonvs,
633 301 746 343 vrorm.

189 479 302 538 laetitia
324 479 438 554 gestis:>
471 478 565 552 Quem
589 479 614 538 si
638 479 705 556 quis
727 480 805 538 huto
829 478 995 552 sustulerit,
1022 479 1107 539 cuius

189 576 222 626 tu
244 569 364 643 ignarus
386 568 459 626 furti
481 569 583 627 decem
612 575 680 645 post
707 569 791 627 annis
819 567 938 641 obieris,
966 573 1028 627 toto
1056 568 1107 626 illo

190 656 337 730 decennio,
361 675 419 733 quo
433 658 597 716 subtractae
615 657 757 733 pecuniae
772 656 952 733 superfuisti,
971 656 1043 734 quid
1057 662 1108 716 tua

190 747 303 804 rettulit
325 752 494 822 surreptum
515 765 553 804 an
580 748 696 805 salvum
722 746 832 805 hiissc?
867 746 1001 823 Vtroque
1029 751 1108 805 certe
1159 767 1161 770 ’

158 847 171 887 a
190 835 275 893 modo
297 835 469 893 tantundem
492 853 565 894 usus
587 835 626 894 ad
647 840 677 895 te
700 835 843 912 pervenit.

256 924 302 982 Ad
330 925 384 982 has
413 930 472 982 tam
501 925 616 1001 ineptas
645 924 769 984 laetitias
796 925 951 997 aleatores,
982 941 1106 1001 quorum

189 1013 334 1072 insaniam
356 1013 467 1087 auditu,
490 1031 549 1072 non
571 1032 629 1072 usu
652 1032 823 1089 cognovere,
846 1018 1000 1072 venatores
1024 1030 1107 1088 prae-

191 1110 270 1160 terea
301 1107 389 1178 atque
421 1121 551 1179 aucupes
570 1103 751 1178 adiungunt.
803 1102 879 1160 Nam
909 1101 981 1178 quid
1011 1102 1106 1174 habet,

189 1191 338 1267 inquiunt,
367 1190 525 1268 voluptatis
552 1192 627 1250 talos
654 1194 685 1250 in
712 1192 829 1251 alveum
855 1191 1000 1267 proicere,
1028 1190 1107 1266 quod

147 1294 172 1333 ro
190 1281 297 1339 totiens
310 1280 415 1353 fecisti,
433 1287 467 1338 ut
482 1281 592 1357 siquid
607 1282 766 1358 voluptatis
784 1281 902 1353 inesset,
921 1279 992 1338 oriri
1009 1285 1107 1338 tamen

190 1369 333 1445 potuisset
351 1387 390 1426 ex
407 1370 553 1445 frequenti
572 1387 628 1428 usu
647 1371 784 1430 satietas?
807 1371 867 1428 Aut
885 1387 960 1445 quae
979 1368 1108 1427 suavitas

190 1477 255 1518 esse
273 1462 370 1534 potest
388 1477 422 1517 ac
441 1477 499 1517 non
516 1459 667 1518 fastidium
685 1461 783 1536 potius
799 1459 829 1516 in
842 1457 986 1516 audiendo
1001 1458 1107 1516 latratu

190 1555 278 1624 atque
297 1547 409 1606 ululatu
424 1551 547 1607 canum?
570 1550 630 1606 Aut
644 1549 695 1625 qui
713 1548 804 1607 maior
822 1547 982 1622 voluptatis
1001 1563 1108 1605 sensus

190 1643 243 1709 est,
267 1654 334 1694 oum
357 1635 487 1712 leporem
516 1637 597 1696 canis
624 1638 797 1713 insequitur,
825 1655 913 1712 quam
936 1654 1004 1694 cum
1027 1635 1108 1694 canis

147 1739 172 1779 m
191 1728 311 1784 canem?
357 1725 472 1802 Nempe
503 1727 584 1785 idem
615 1727 770 1803 utrobique
802 1726 912 1801 agitur:
944 1725 1109 1783 acciuntur

190 1815 280 1887 enim,
309 1815 334 1872 si
361 1821 390 1873 te
418 1833 523 1874 cursus
555 1815 698 1890 oblectet3
731 1822 761 1874 at
788 1815 813 1873 si
841 1821 871 1873 te
901 1813 999 1872 caedis
1031 1831 1107 1889 spes

190 1904 316 1962 laniatus
358 1905 539 1979 exspectatio
577 1906 631 1963 suh
667 1905 760 1964 oculis
796 1903 956 1980 peragendi
991 1903 1107 1975 retinet,

190 1993 421 2051 misericordiam
457 1994 554 2069 potius
585 2013 704 2053 movere
736 1994 824 2052 dehet
856 1997 987 2069 spectare
1023 1994 1107 2068 lepu-

192 2082 306 2140 sculum
329 2101 346 2140 a
369 2100 452 2155 cane,
479 2083 661 2141 irnbecillum
688 2102 706 2141 a
728 2082 880 2155 validiore,
909 2081 1047 2156 fugacem
1074 2098 1107 2138 ac

146 2183 172 2224 20
191 2171 324 2229 timidum
344 2190 361 2229 a
379 2172 485 2246 feroce,
503 2172 656 2230 innoxium
674 2172 799 2248 denique
814 2190 832 2230 a
845 2169 958 2228 crudeli
977 2170 1107 2246 discerp-

190 2267 262 2318 tum.
294 2260 398 2335 ltaque
412 2260 590 2337 Vtopienses
609 2266 703 2319 totum
722 2262 779 2319 hoo
792 2259 919 2319 renaudi
932 2260 1107 2318 exercitium

191 2357 224 2408 ut
246 2367 309 2408 rem
331 2349 430 2408 liberis
457 2350 608 2426 indignam
640 2349 671 2408 in
694 2350 800 2423 lanios,
827 2368 916 2426 quam
938 2355 1031 2407 artem
1054 2367 1108 2425 per

192 2457 292 2497 servos
315 2439 394 2496 obire
417 2457 467 2496 eos
491 2439 745 2515 supradiximus,
771 2438 946 2513 reiecerunt,
974 2438 1107 2497 infimam

192 2528 269 2586 enim
293 2527 357 2586 eius
380 2532 493 2603 partem
517 2547 583 2587 esse
606 2528 792 2587 venationem
816 2532 956 2599 statuunt,
980 2527 1107 2603 reliquas

146 2630 172 2670 aa
192 2617 256 2675 eius
284 2623 382 2693 partes
410 2622 440 2675 et
467 2617 598 2676 utiliores
628 2624 657 2676 et
686 2616 880 2689 honestiores,
910 2622 944 2674 ut
974 2634 1049 2692 qrrac
1078 2623 1109 2675 et

191 2707 283 2765 multo
307 2706 401 2780 magis
424 2713 597 2765 conservant
616 2713 645 2765 et
658 2706 794 2764 animalia
817 2705 999 2764 necessitatis
1023 2706 1108 2764 dum-

191 2801 272 2854 taxat
286 2796 379 2869 gratia
394 2795 545 2871 perimant,
560 2814 627 2853 omn
641 2801 762 2854 venator
776 2797 812 2854 ab
826 2794 925 2853 miseri
941 2794 1108 2854 animalculi

148 2896 228 2949 riurjo]
260 2885 348 2943 caede
380 2903 414 2942 ao
446 2884 555 2942 laniatu
587 2884 661 2943 nihil
686 2878 689 2968 l
720 2884 777 2942 nisi
807 2883 987 2959 voluptatem
1019 2889 1107 2960 petat,

192 2993 279 3051 quam
298 2973 475 3050 spectandae
493 2973 573 3032 necis
590 2973 739 3032 libidinem
757 2974 788 3031 in
806 2972 880 3049 ipsis
899 2973 989 3030 etiam
1008 2974 1108 3032 bestiis

146 3069 242 3122 auant
264 3065 299 3122 ab
323 3063 412 3122 animi
436 3062 562 3121 crudelis
585 3062 702 3121 adfectu
730 3069 851 3121 censent
873 3054 982 3120 exoriri
1004 3071 1056 3123 aut
1078 3063 1109 3120 in

191 3153 393 3211 crudelitatem
426 3152 552 3228 (lenique
579 3152 697 3211 assiduo
727 3158 787 3210 tam
816 3152 921 3209 efferae
948 3151 1108 3228 voluptatis

192 3260 247 3300 usu
276 3242 414 3300 defluere.
460 3240 543 3299 Haec
567 3240 657 3315 igitur
678 3246 709 3299 et
731 3239 874 3316 quidquid
898 3246 943 3298 est
965 3240 1108 3300 eiusmodi

192 3336 272 3402 (sunt
303 3331 381 3389 enim
411 3330 587 3407 innumera),
618 3346 793 3406 quamquam
824 3347 876 3405 pro
907 3330 1109 3405 voluptatibus

191 3420 357 3478 mortalium
372 3421 481 3495 tulgus
502 3420 614 3491 habeat,
637 3419 681 3476 illi
704 3425 811 3491 tamen,
835 3437 902 3476 cum
918 3426 1020 3477 natura
1035 3420 1109 3478 nihil

146 3522 172 3563 ao
191 3509 261 3568 insit
285 3528 382 3584 suave,
411 3511 497 3585 plane
526 3513 657 3567 statiumt
680 3526 747 3565 cum
771 3525 839 3565 vera
862 3507 1011 3582 uoluptate
1035 3509 1109 3567 nihil
