2512 4020
509 316 614 370 nouus,
638 316 749 356 vroem.
889 334 891 339 ·
1067 301 1110 358 59

194 494 339 568 prandere
363 492 436 551 nulli
459 494 584 553 vetitum
608 494 655 563 sit,
679 512 764 552 nemo
787 501 886 552 tamen
910 494 966 552 hoe
989 494 1112 552 libenter

194 582 275 660 iacit,
304 601 372 641 cum
399 601 496 658 neque
523 584 680 641 honestum
708 584 849 641 habeatur
872 588 902 640 et
926 583 1049 641 stultum
1074 584 1112 641 sit

195 671 348 730 deterioris
364 671 486 747 parandi
500 671 617 747 prandii
631 689 747 730 sumere
760 672 898 744 laborem,
915 690 983 729 oum
997 672 1111 730 lautum

177 767 283 836 ,atque
306 761 461 836 opiparum
482 766 600 837 praesto
622 761 700 837 apud
724 761 821 818 aulam
839 768 900 820 tam
918 761 1112 836 propinquam

160 849 240 907 nsit.
285 848 321 907 In
348 850 404 908 hac
426 850 493 908 aula
520 849 679 908 ministeria
707 850 811 923 omnia,
839 850 870 907 in
894 850 1000 925 quibus
1024 850 1112 925 paulo

193 938 261 1014 plus
289 938 383 996 sordis
410 946 462 997 aut
491 939 598 997 laboris
626 944 684 1011 est,
716 939 832 996 obeunt
855 939 947 1013 servi;
981 945 1111 997 ceterum

196 1027 339 1103 coquendi
368 1027 549 1104 parandique
577 1027 634 1086 cibi
661 1028 791 1085 officium
813 1034 843 1086 et
866 1028 956 1085 totius
984 1028 1111 1103 denique

193 1116 360 1174 instruendi
382 1117 508 1174 connvii
532 1117 610 1174 solae
632 1117 771 1176 mulieres
794 1123 942 1190 exercent,
967 1117 1111 1193 cuiusque

155 1269 158 1278 ¹
195 1205 332 1264 videlicet
353 1205 480 1263 familiae
502 1224 556 1281 per
579 1205 666 1264 vices

145 1307 174 1347 1ο
261 1293 366 1372 Tribus
388 1295 559 1370 pluribusve
582 1295 692 1352 mensis
715 1313 768 1369 pro
785 1312 907 1353 numero
922 1295 1110 1353 convivarum

193 1383 402 1440 discumbitur:
431 1383 487 1442 viri
508 1384 546 1440 ad
568 1384 717 1459 parietem,
741 1383 864 1441 feminae
889 1383 1019 1441 exterius
1042 1401 1110 1441 con-

194 1472 338 1544 locantur,
361 1477 407 1545 ut,
432 1472 457 1529 si
481 1472 551 1548 quid
574 1473 623 1530 his
647 1471 735 1530 subiti
758 1472 904 1530 oboriatur
926 1472 1009 1545 mali,
1033 1472 1111 1548 quod

195 1567 311 1619 uterum
342 1561 512 1634 gerentibus
542 1561 690 1618 interdum
723 1561 797 1619 solet
827 1561 972 1634 accidere,
1002 1562 1110 1637 imper-

193 1650 316 1708 turbatis
343 1649 494 1708 ordinibus
523 1657 687 1724 exsurgant
711 1657 800 1725 atquc
827 1646 956 1708 indeed
979 1651 1109 1708 nutrices

145 1751 174 1792 15
193 1739 308 1797 abeant.
347 1738 459 1798 Sedent
480 1739 548 1796 illae
568 1739 685 1814 quidem
702 1757 834 1797 seorsum
854 1758 921 1798 cum
935 1739 1111 1798 lactantibus

193 1827 223 1884 in
248 1828 387 1887 cenaculo
408 1828 534 1904 quodam
548 1828 585 1884 ad
600 1828 631 1885 id
645 1828 790 1885 destinato
805 1846 954 1904 nunquam
969 1829 1032 1886 sine
1045 1829 1110 1886 loco

192 1921 281 1993 atque
308 1935 383 1993 aqua
410 1916 520 1975 munda
547 1935 602 1974 nec
624 1918 734 1993 absque
758 1916 841 1974 cunis
864 1917 995 1989 interim,
1023 1922 1057 1974 ut
1081 1924 1111 1976 et

192 2005 333 2064 reclinare
362 2005 450 2064 liceat
476 2006 635 2064 infantulos
664 2012 694 2064 et
718 2006 756 2064 ad
778 2005 890 2080 ignem,
918 2024 986 2063 cum
1008 2006 1109 2079 velint,

193 2100 348 2171 exemptos
382 2094 482 2153 fasciis
518 2094 651 2153 libertate
682 2114 717 2154 ao
747 2095 818 2153 ludo
849 2096 980 2153 reficere.
1032 2094 1110 2153 Suae

144 2196 174 2239 20
193 2201 327 2260 quaeque
351 2183 444 2242 suboli
467 2184 568 2241 nutrix
591 2189 644 2256 est,
668 2183 726 2241 nisi
748 2189 799 2242 aut
822 2201 900 2242 mors
923 2190 975 2242 aut
991 2185 1110 2242 morbus

192 2273 342 2348 impediat.
394 2272 429 2330 ld
462 2291 529 2331 cum
555 2273 669 2331 accidit
701 2290 808 2331 uxores
843 2273 1109 2348 syphograntorum

192 2379 317 2437 propere
341 2362 484 2420 nutricem
508 2368 669 2438 quaerunt3
694 2380 749 2420 nec
771 2361 802 2419 id
821 2361 940 2420 difficile
955 2367 1016 2419 est:
1042 2380 1109 2419 nam

194 2468 270 2526 quae
293 2450 324 2508 id
346 2457 496 2526 praestare
523 2456 647 2526 possunt
674 2450 748 2507 nulli
776 2450 871 2509 officio
895 2468 959 2508 sese
982 2451 1111 2508 offerunt

144 2608 147 2612 A
191 2539 340 2612 libentius,
365 2540 501 2616 quoniam
525 2545 554 2598 et
577 2557 679 2597 omnes
702 2557 767 2597 eam
780 2539 1008 2597 miscricordiam
1023 2540 1109 2598 laude

144 2641 173 2682 aa
191 2635 410 2704 prosequuntur
447 2635 477 2687 et
515 2629 566 2705 qui
609 2629 751 2687 educatur
795 2629 938 2686 nutricem
979 2629 1110 2705 parentis

193 2717 327 2791 agnoscit
348 2718 422 2776 locu.

252 2805 295 2863 'In
327 2812 410 2864 antro
440 2807 588 2865 nutricum
620 2807 773 2865 consident
802 2806 887 2882 pueri
916 2824 1026 2877 omnes
1058 2807 1109 2883 qui

192 2894 320 2971 primum
335 2895 462 2954 lustrum
477 2913 536 2953 non
556 2896 728 2971 expleverc;
748 2895 839 2954 ceteri
853 2896 1031 2971 impuberes,
1051 2914 1108 2972 quo

145 3039 147 3043 a
191 2983 224 3042 in
250 3001 372 3042 numero
400 2985 520 3057 ducunt,
551 2985 729 3060 (pileumque
757 3003 847 3043 sexus
870 2985 990 3042 alterius
1015 2985 1109 3042 utrius

146 3085 174 3128 30
192 3072 271 3132 intra
301 3073 418 3131 nubiles
450 3091 541 3131 annos
575 3079 656 3146 sunt,
693 3079 744 3131 aut
780 3074 947 3132 ministrant
980 3073 1109 3132 discum-

193 3162 329 3220 bentibus
352 3168 410 3235 aut,
434 3162 485 3238 qui
509 3181 561 3237 per
583 3169 710 3221 aetatem
733 3163 861 3220 nondum
882 3165 988 3236 valent,
1012 3168 1110 3221 astant

192 3256 290 3309 tamen
313 3257 401 3327 atque
424 3251 456 3308 id
479 3269 593 3309 summo
617 3271 684 3310 cum
705 3251 835 3326 silenti03
859 3253 975 3328 utrique
995 3252 1108 3328 quoda

193 3340 365 3399 sedentibus
380 3340 540 3416 porrigitur
555 3359 589 3398 eo
604 3346 765 3399 vescuntur
784 3359 839 3399 nec
853 3341 934 3399 aliud
947 3341 1107 3399 discretum

191 3428 356 3504 prandendi
378 3435 496 3505 tempus
519 3430 635 3488 habent.
675 3430 711 3488 In
735 3429 831 3488 medio
849 3431 961 3505 primae
980 3448 1108 3502 mensae,

147 3529 174 3570 aa
194 3527 255 3584 [siju]
279 3518 331 3594 qui
358 3536 492 3576 summus
519 3519 602 3576 locus
629 3524 675 3577 est
702 3524 732 3576 et
755 3519 802 3576 cui
825 3520 903 3595 (nam
926 3537 960 3577 ea
981 3516 984 3599 l
1005 3537 1109 3578 mensa
