2512 4020
496 317 599 372 uoavs,
623 316 734 358 vrorm.
1054 301 1093 359 91

180 492 259 568 apud
281 493 461 569 Alaopolitas
484 493 751 570 Nephelogetarum
774 494 983 553 mercatoribus
1006 495 1097 554 inlata

180 587 336 656 praetextu
349 582 429 656 11110,
452 587 486 640 ut
501 583 597 640 visum
616 589 662 641 est
675 583 756 659 ipsis,
779 583 892 641 1111111.
926 583 1013 642 Certe
1032 586 1096 643 sive

134 719 142 733 ,
179 669 253 728 illud
281 670 328 729 ius
357 671 419 729 sive
449 689 484 729 ea
509 671 616 729 iniuria
642 672 710 746 fuit,
741 673 817 731 bello
844 679 905 731 tam
932 673 1023 732 atroci
1050 679 1096 732 est

179 759 339 832 vindicata,
375 778 442 818 curn
474 760 512 818 ad
543 761 676 837 proprias
707 761 861 837 utriusque
892 762 985 838 partis
1017 762 1096 821 vires

147 847 305 924 oodiaque
335 849 590 908 circumiectamm
617 851 706 909 etiam
729 850 861 925 gentium
886 850 984 910 studia
1006 856 1095 927 atque

180 955 251 1012 opes
274 937 512 1012 adiungerentur,
535 945 569 997 ut
591 939 807 998 florentissimis
830 940 1007 1015 populorum
1029 940 1096 998 aliis

180 1026 341 1099 concussis,
364 1027 430 1085 aliis
451 1028 643 1086 vehementer
665 1028 791 1087 adflictis
814 1028 936 1087 orientia
955 1047 994 1087 ex
1009 1029 1096 1087 maiis

179 1115 256 1173 maia
268 1116 499 1191 Alaopolitarum
524 1117 651 1175 servitus
670 1117 790 1175 demum
803 1136 838 1175 ac
852 1117 962 1175 deditio
977 1118 1095 1191 finierit,

180 1222 238 1280 qua
263 1203 294 1260 in
321 1204 587 1280 Nephelogetarurn
619 1209 725 1282 (neque
755 1206 833 1264 enim
864 1205 918 1264 sibi
947 1207 1096 1265 certabant

134 1306 161 1345 10
179 1293 368 1369 Vtopienses)
391 1299 566 1369 potestatem
588 1312 773 1368 concessere,
802 1295 899 1369 gentis
921 1295 1095 1354 florentibus

178 1382 410 1457 Alaopolitarum
442 1385 530 1441 rebus
562 1384 642 1442 haud
669 1403 815 1460 quaquam
843 1402 910 1441 01111
938 1384 998 1442 11110
1027 1402 1095 1442 001-

178 1471 325 1530 ferendae.
372 1471 444 1529 Tam
473 1472 579 1531 acriter
606 1473 792 1548 Vtopienses
813 1473 975 1531 amicorum
1006 1472 1095 1531 etiam

178 1559 208 1616 in
231 1560 366 1635 pecuniis
388 1561 525 1619 iniuriam
547 1568 774 1638 persequuntur,
799 1580 867 1620 suas
890 1562 1022 1637 ipsorum
1035 1580 1095 1619 non

178 1648 266 1707 item:
295 1649 346 1725 qui
369 1649 464 1708 sicubi
487 1650 704 1726 circumscripti
726 1651 810 1709 bonis
834 1651 979 1724 excidant,
1008 1651 1095 1709 modo

134 1750 161 1791 15
179 1737 350 1812 corporibus
373 1739 450 1797 absit
472 1739 525 1812 viS,
554 1741 696 1798 hactenus
718 1739 894 1813 irascuntur,
917 1740 969 1812 uti,
998 1740 1094 1816 quoad

179 1826 338 1885 satisfactio
356 1828 416 1901 fiat,
432 1828 505 1909 eius
528 1829 701 1887 commercio
722 1829 818 1904 gentis
833 1829 998 1887 abstineant
1004 1848 1011 1905 ;
1036 1846 1094 1887 non

180 1915 258 1991 quod
281 1916 403 1974 minoris
427 1916 484 1975 sibi
506 1935 594 1975 curae
618 1917 699 1976 cives
722 1936 811 1994 quam
835 1917 908 1976 socii
936 1917 1009 1991 sint,
1040 1919 1094 1976 sed

180 2004 285 2062 horum
308 2009 407 2063 tamen
430 2006 586 2081 pecuniam
608 2006 745 2082 intercipi
768 2007 887 2081 aegrius
906 2025 994 2082 quam
1010 2024 1094 2065 suam

178 2093 277 2152 ierunt
290 2100 455 2169 propterea,
469 2096 548 2171 quod
562 2096 721 2154 amicorum
736 2096 941 2170 negotiatores7
956 2095 1092 2172 quoniam

132 2193 160 2235 20
179 2181 217 2240 de
247 2200 300 2240 suo
330 2184 459 2259 perdunt
488 2184 614 2259 private,
650 2203 740 2259 grave
768 2184 876 2242 10111110
913 2203 952 2242 ex
981 2184 1095 2243 iactura

180 2271 324 2345 sentiunt,
356 2278 387 2330 at
418 2273 550 2348 ipsorum
580 2273 694 2331 civibus
724 2273 799 2331 nihil
828 2273 859 2331 ni
885 2274 944 2331 fide
976 2273 1095 2348 publica
1157 2298 1158 2301 ¹

178 2361 268 2435 perit,
309 2367 460 2436 praeterea
496 2362 575 2438 quod
610 2363 777 2421 abundabat
813 2362 892 2420 dorni
927 2380 962 2420 ac
1000 2362 1093 2421 veluti

179 2455 331 2525 supererat
354 2450 473 2527 (alioqui
496 2469 554 2508 non
576 2451 768 2509 emittendum
791 2452 888 2526 foras),
913 2469 970 2527 quo
985 2452 1027 2524 fit,
1049 2451 1093 2509 uti

179 2537 429 2597 intertrimenuun
452 2539 525 2598 citra
543 2540 718 2616 cuiusquam
733 2558 853 2599 sensum
867 2540 988 2598 aecidat.
1029 2539 1092 2612 Quo

132 2639 159 2680 25
178 2627 256 2685 eirca
285 2628 374 2685 minis
404 2629 524 2688 crudele
553 2633 674 2687 0010011
702 2629 734 2686 id
762 2630 901 2687 damnum
931 2629 1092 2686 multorum

177 2716 283 2774 ulcisci
314 2716 470 2791 mortibus,
508 2718 592 2776 cuius
627 2718 726 2775 damni
757 2718 976 2776 incommodum
1007 2736 1094 2776 nemo

177 2805 309 2880 ipsorum
332 2811 383 2864 aut
406 2807 468 2865 vita
488 2813 539 2865 aut
559 2807 640 2865 victu
662 2807 866 2883 persentiscat.
904 2807 1043 2865 Ceterum
1067 2807 1093 2864 si

178 2894 245 2970 quis
278 2912 398 2952 suorum
429 2913 554 2971 usquam
586 2914 641 2971 per
673 2896 810 2954 iniuriam
843 2896 1011 2954 debilitetur
1042 2902 1094 2954 aut
1122 2961 1125 2968 ‚

134 2993 213 3048 [1011]
238 2984 362 3057 occidat,
393 2984 455 3042 sive
482 2985 513 3042 id
540 2985 658 3061 publico
684 2986 795 3043 iactum
823 2985 918 3042 consi·
938 2983 941 3063 1
962 2985 1002 3043 lio
1030 2984 1092 3042 sive

131 3085 159 3125 ao
177 3071 291 3147 privato
311 3073 356 3145 sit,
379 3091 434 3149 per
452 3074 565 3148 legatos
583 3091 615 3131 re
629 3080 778 3149 comperta
800 3074 858 3132 msi
873 3073 980 3135 deditis
995 3072 1093 3132 noxiis

178 3161 288 3236 placari
318 3180 376 3219 non
405 3167 542 3238 possunt,
573 3163 645 3238 quin
674 3163 741 3221 ilico
772 3162 881 3221 bellum
911 3162 1092 3221 denuntient.

176 3249 279 3308 Noxae
303 3251 417 3309 deditos
440 3258 491 3310 aut
513 3257 606 3309 morte
629 3258 680 3310 aut
703 3252 821 3310 servitio
844 3252 979 3327 pumunt.

245 3339 391 3398 Cruentae
407 3341 547 3398 victoriae
571 3359 629 3398 non
651 3341 734 3417 piget
748 3341 834 3399 modo
849 3359 907 3415 eoo,
932 3341 986 3400 sed
999 3340 1094 3416 pudet

178 3446 295 3504 qnoque
317 3436 486 3503 reputantes
508 3429 656 3488 inscitiam
678 3448 745 3489 0000
769 3431 930 3506 0101111101
947 3430 1093 3506 pretiosas

131 3529 158 3571 aa
177 3535 291 3576 merces
318 3517 409 3576 nimio
432 3519 554 3595 emisse3
577 3526 640 3578 arte
662 3520 788 3595 doloque
810 3520 912 3593 victos,
936 3536 1093 3595 oppressos
