2512 4020
151 285 192 343 64
508 301 612 354 nouus,
636 300 749 340 vrorm.

192 485 338 538 meretur:
358 498 416 555 qua
434 479 501 555 quis
520 497 577 536 non
596 478 677 536 ridet
695 496 783 554 quam
800 478 888 554 longe
906 477 985 537 infra
1002 479 1108 538 ferrum

194 575 275 642 sunt,
306 573 339 626 ut
369 568 432 626 sine
462 586 519 644 quo
548 586 606 626 non
633 567 731 625 hercle
762 567 857 642 magis
884 585 976 644 quam
1003 569 1110 646 absque

193 658 254 732 igni
277 663 365 733 atque
388 676 464 733 aqua
487 657 586 715 vivere
608 656 745 715 modales
769 662 885 732 queant,
909 675 979 715 cum
996 657 1109 717 interim

192 765 262 805 auro
277 752 454 822 argentoque
470 746 585 804 nullum
595 763 690 818 usum,
704 763 762 821 quo
777 763 836 803 non
850 745 937 804 facile
951 764 1110 820 careamus,

161 841 297 894 enatura
319 835 466 917 tribuerit,
491 834 548 893 nisi
570 834 722 892 hominum
745 834 870 893 stultitia
892 834 1022 910 pretium
1045 836 1111 895 rari·

191 925 244 984 tati
267 924 393 996 fecisset,
418 924 489 1000 quin
512 930 612 982 contra
631 923 712 981 velut
729 941 837 998 parens
854 923 1111 998 indulgentissima

193 1014 302 1090 optima
321 1031 454 1089 quaeque
472 1013 503 1070 in
521 1012 674 1088 propatulo
689 1013 820 1087 posuerit
833 1017 867 1071 ut
879 1030 986 1086 aerem,
1005 1032 1111 1091 aquam

192 1121 226 1160 ao
256 1102 393 1160 tellurem
421 1102 530 1177 ipsam,
562 1100 736 1176 longissime
765 1119 834 1159 vero
863 1120 939 1160 vana
971 1120 1006 1161 ao
1039 1103 1111 1162 nihil

192 1192 345 1267 protutura
368 1190 538 1249 semoverit!
571 1190 650 1264 Ergo
673 1191 746 1248 haec
769 1189 887 1248 metalla
910 1190 935 1249 si
957 1191 1039 1266 apud
1063 1210 1112 1251 cos

148 1293 173 1334 10
193 1281 223 1337 in
242 1280 348 1339 turrim
365 1280 493 1355 aliquam
512 1279 759 1353 abstruderentur,
783 1278 920 1355 princeps
938 1298 973 1338 ac
992 1287 1113 1340 senatus

191 1370 223 1427 in
256 1369 452 1445 suspicionem
481 1369 580 1427 venire
608 1373 742 1444 possent,
774 1374 807 1426 ut
834 1374 879 1427 est
905 1368 991 1444 vulgi
1023 1370 1114 1429 stulta

193 1458 335 1531 sollertia,
365 1476 403 1516 ne
433 1458 535 1516 deluso
563 1475 616 1533 per
643 1459 777 1515 technam
800 1456 909 1533 populo
932 1457 991 1534 ipsi
1013 1458 1113 1536 aliquo

191 1547 259 1606 inde
295 1547 446 1605 commodo
483 1547 657 1605 fruerentur.
707 1547 797 1604 Porro
834 1545 860 1604 si
895 1546 1010 1622 phialas
1043 1548 1114 1608 inde

191 1636 306 1713 aliaque
333 1636 364 1693 id
391 1654 485 1710 genus
514 1653 602 1711 opera
628 1635 702 1694 fabii
729 1653 837 1694 excusa
864 1635 1058 1711 conficerent,
1089 1638 1114 1696 si

148 1739 173 1779 15
193 1726 309 1801 quando
337 1725 488 1784 incidisset
518 1724 644 1797 occasio,
673 1729 707 1782 ut
736 1723 902 1783 conflanda·
918 1725 979 1783 sint
1007 1744 1114 1787 rursus

192 1821 280 1890 atque
294 1815 324 1871 in
338 1814 465 1872 militum
481 1813 626 1888 eroganda
644 1813 832 1888 stipendium,
851 1813 953 1872 vident
970 1813 1114 1874 nimirum

192 1904 262 1976 lore,
286 1908 319 1962 ut
342 1921 428 1977 aegre
451 1903 600 1978 patiantur
622 1902 718 1975 avelli,
743 1920 816 1978 quae
838 1902 930 1960 semel
947 1902 981 1961 in
998 1903 1114 1964 deliciis

191 1993 298 2051 habere
312 1992 486 2068 coepissent.
514 1991 570 2049 His
584 1992 673 2049 rebus
682 1991 726 2048 uti
735 1997 896 2065 occurrant,
906 1992 1114 2068 excogitavere

192 2081 339 2157 quandam
361 2081 501 2140 rationem
526 2085 559 2139 ut
581 2080 702 2156 reliquis
725 2080 856 2156 ipsorum
878 2080 1023 2140 institutis
1043 2101 1111 2142 con-

147 2183 173 2223 2o
194 2176 369 2242 sentcneam,
393 2171 435 2228 ita
457 2171 493 2228 ab
516 2169 632 2241 nostris,
655 2169 734 2244 apud
758 2187 832 2245 quos
854 2187 960 2228 aurum
979 2170 1056 2230 tanti
1078 2172 1114 2231 lit

192 2277 226 2318 ac
256 2265 316 2318 tam
346 2259 501 2334 diligenter
530 2258 673 2331 conditur,
688 2258 875 2333 longissime
903 2258 1112 2320 abhorrentem

192 2366 286 2423 eoque
309 2348 366 2406 nisi
389 2349 492 2424 peritis
515 2366 573 2405 non
596 2347 773 2406 credibilem.
813 2346 890 2406 Nam
912 2365 982 2406 cum
1004 2347 1037 2406 111
1060 2349 1112 2408 fic

191 2437 292 2496 tilibus
315 2455 331 2495 e
359 2444 438 2496 terra
467 2437 613 2513 vitroque,
641 2436 866 2510 elegantissimis
893 2436 1014 2513 quidem
1042 2437 1111 2511 illis,

192 2526 244 2584 sed
267 2526 373 2584 vilibus
403 2533 514 2596 tamen,
545 2525 633 2585 edant
660 2525 830 2600 bibantque,
860 2543 899 2583 ex
925 2544 998 2584 auro
1020 2532 1111 2603 atque

146 2626 173 2667 rs
191 2622 311 2689 argento
334 2634 392 2673 non
414 2616 444 2672 in
468 2614 671 2673 communibus
694 2614 770 2672 aulis
793 2614 891 2687 modo,
919 2614 1028 2673 sedin
1051 2615 1110 2692 pri-

191 2704 268 2762 vatis
291 2704 378 2763 etiam
402 2704 536 2762 domibus
559 2703 693 2762 matellas
716 2703 826 2778 passim
849 2721 884 2761 ac
906 2703 1110 2763 sordidissima

191 2811 323 2869 quaeque
346 2811 416 2852 vasa
439 2792 608 2863 conficiunt;
636 2793 673 2849 ad
701 2792 773 2850 haec
800 2796 918 2851 catenas
941 2797 972 2851 et
994 2811 1109 2852 crassas

191 2882 355 2957 compedes,
379 2883 486 2959 quibus
509 2887 643 2940 coercent
667 2899 774 2954 servos
797 2880 902 2939 iisdem
924 2899 964 2940 ex
982 2882 1108 2941 metallis

191 2977 360 3046 operantum
389 2977 535 3047 postremo
564 2988 764 3046 quoscumque
790 2969 909 3048 aliquod
931 2969 1043 3030 crimen
1064 2971 1107 3029 in-

145 3071 172 3112 00
191 3060 284 3118 fames
306 3060 384 3130 lacit,
407 3062 443 3119 ab
466 3061 572 3118 horum
595 3060 715 3118 auribus
737 3059 817 3117 anuli
832 3059 1002 3134 dependent
1019 3058 1106 3132 aurei,

191 3148 297 3222 digitos
319 3167 425 3207 01110111
447 3149 546 3224 cingit,
569 3167 657 3207 aurea
679 3153 797 3224 torques
820 3149 910 3206 ambit
933 3148 1052 3222 collum,
1078 3154 1107 3206 et

193 3244 281 3313 (aput
313 3239 440 3314 denique
471 3257 541 3296 auro
571 3238 705 3296 uincitur.
760 3236 806 3296 Ita
838 3237 973 3296 omnibus
1006 3244 1106 3295 curant

191 3327 293 3400 modia,
317 3327 360 3385 uti
383 3328 462 3403 apud
485 3346 517 3386 se
540 3346 644 3385 armum
667 3332 881 3402 argentumque
900 3326 932 3384 in
949 3325 1105 3402 ignominia

191 3415 256 3474 sint.
302 3418 399 3492 Atque
427 3417 483 3474 hoc
512 3421 598 3492 pacto
628 3417 673 3488 fit,
706 3421 739 3473 ut
768 3416 840 3474 haec
869 3415 1001 3490 metalla,
1033 3431 1104 3492 quae

145 3517 171 3557 so
191 3512 304 3563 ceterae
333 3511 438 3580 gentes
467 3524 525 3563 non
553 3505 649 3563 ninius
679 3506 740 3563 lcre
771 3504 902 3563 dolenter
931 3522 966 3564 ac
995 3505 1103 3563 viscera
