2512 4020
211 267 273 327 100
568 283 673 339 uonvs,
697 283 809 324 vrorm.

252 462 368 522 cellere.
404 460 509 537 Neque
532 460 653 519 dubium
676 466 729 533 est,
752 461 824 538 quin
847 467 961 520 ceterae
979 461 1173 537 iampridem

252 549 455 624 evanuissent,
489 549 561 622 nisi,
599 549 743 627 quidquid
779 550 995 627 improsperum
1031 550 1173 626 cuiquam

252 638 330 698 inter
365 638 522 697 mutandae
563 638 714 714 religionis
751 639 872 698 consilia
907 641 968 698 fors
1005 638 1174 713 obiecisset,

253 746 311 786 non
333 727 363 784 id
386 727 527 786 accidisse
550 745 634 801 casu,
664 727 717 786 sed
741 728 865 787 caelitus
892 727 1059 787 immissum
1079 727 1174 787 inter-

221 830 235 870 s
253 821 417 893 pretoretur
440 816 527 874 timor
548 821 687 893 tanquam
705 816 834 890 numine,
851 817 936 876 cuius
951 817 1175 893 relinquebatur

253 905 358 979 cultus,
385 905 508 981 impium
531 911 631 964 contra
655 923 687 964 se
710 905 892 982 propositum
915 905 1090 964 vindicante.
1131 907 1174 965 At

253 1000 444 1071 posteaquam
453 994 749 1070 acceperuntanobis
757 994 868 1054 Christi
877 1012 991 1068 nomen,
999 994 1173 1068 doctrinam,

253 1101 363 1157 mores,
390 1083 530 1142 miracula
557 1100 611 1142 nec
633 1083 731 1143 minus
754 1083 918 1142 mirandam
940 1088 984 1142 tot
1006 1088 1175 1158 martyrum

254 1171 455 1246 constantiam,
463 1190 587 1249 quorum
598 1178 700 1248 sponte
709 1173 795 1231 fusus
805 1173 1174 1248 sanguistamnumerosas

210 1274 236 1314 ro
253 1265 356 1336 gentes
383 1262 414 1319 in
442 1279 526 1319 suam
554 1266 663 1320 sectam
685 1262 773 1337 longe
796 1261 912 1338 lateque
935 1261 1082 1335 traduxit,
1114 1280 1192 1321 nonv

254 1349 369 1424 credas,
400 1369 488 1427 quam
517 1350 618 1427 pronis
647 1350 680 1409 in
708 1369 773 1409 eam
802 1350 967 1409 adfectibus
996 1351 1085 1409 etiam
1113 1350 1174 1426 ipsi

253 1439 465 1513 concesserint,
496 1439 558 1498 sive
587 1439 641 1497 hoc
670 1439 810 1498 secretius
837 1439 998 1516 inspirante
1020 1439 1083 1498 Deo
1107 1440 1174 1498 sive

253 1528 332 1605 quod
366 1528 477 1588 eadem*
501 1528 563 1587 visa
598 1534 645 1586 est
677 1529 792 1587 haeresi
829 1529 978 1605 proxima,
1014 1545 1089 1605 quae
1125 1535 1175 1588 est

254 1617 334 1692 apud
360 1617 442 1693 ipsos
464 1617 630 1693 potissima,
661 1636 839 1694 quamquam
862 1617 918 1676 hoc
941 1635 1057 1694 quoque
1079 1617 1175 1677 tuisse

211 1719 235 1758 15
254 1724 313 1764 non
335 1706 457 1781 paulum
480 1707 621 1772 momenti
644 1706 825 1780 crediderim,
850 1707 928 1782 quod
952 1706 1069 1765 Christo
1091 1725 1174 1765 com-

254 1813 373 1853 munem
402 1813 522 1854 suorum
545 1795 656 1854 victum
684 1795 837 1854 audierant
863 1795 1012 1871 placuisse
1038 1799 1069 1853 et
1091 1796 1174 1872 apud

254 1885 493 1959 germanissimos
508 1884 742 1943 Christianorum
764 1890 926 1943 conventus
948 1884 1045 1942 adhuc
1066 1883 1099 1941 in
1114 1902 1173 1943 usu

255 1991 330 2032 esse.
367 1973 464 2047 Certe,
487 1991 603 2051 quoquo
626 1973 657 2031 id
680 1978 827 2032 momento
850 1973 965 2047 accidit,
987 1972 1067 2030 haud
1083 1974 1173 2048 pauci

254 2068 384 2122 nostram
405 2063 437 2120 in
459 2063 630 2138 religionem
651 2063 784 2121 coierunt
805 2062 985 2138 lymphaque
1005 2079 1086 2120 sacra
1102 2067 1173 2122 sunt

210 2163 236 2205 2⁰
254 2151 354 2210 abluti.
399 2151 513 2210 Verum
543 2151 679 2228 quoniam
707 2151 738 2208 in
765 2151 849 2209 nobis
876 2156 1014 2227 quattuor
1037 2150 1173 2224 (totidem

254 2240 332 2299 enim
364 2241 518 2299 dumtaxat
552 2257 775 2317 supereramus,
812 2258 880 2297 nam
912 2239 970 2298 duo
1001 2239 1070 2298 fatis
1102 2257 1173 2298 con-

255 2329 415 2404 cesserant)
438 2347 533 2402 nemo,
555 2329 588 2386 id
606 2329 684 2406 quod
701 2328 793 2402 doleo,
817 2328 954 2387 sacerdos
968 2333 1038 2401 erat,
1062 2329 1173 2388 ceteris

254 2418 359 2476 initiati
386 2436 420 2476 ea
446 2424 544 2476 tamen
572 2418 670 2477 adhuc
693 2423 874 2477 sacramenta
895 2417 1071 2490 desiderant,
1095 2435 1173 2495 quae

255 2506 333 2582 apud
356 2525 409 2564 nos
432 2525 491 2564 non
513 2507 571 2566 nisi
594 2507 760 2567 sacerdotes
783 2507 945 2565 conferunt.
990 2506 1174 2581 intellegunt

210 2600 354 2654 attamen
377 2601 536 2672 optantque
559 2596 600 2655 ita
622 2601 655 2654 ut
677 2596 751 2654 nihil
773 2595 993 2671 vehementium
1022 2595 1094 2672 quin
1116 2595 1173 2655 hcc

256 2702 371 2762 quoque
385 2684 486 2743 sedulo
499 2685 558 2742 iam
571 2685 649 2744 inter
662 2703 695 2744 se
710 2685 870 2761 disputant,
884 2703 922 2743 an
936 2684 999 2743 sine
1011 2683 1172 2743 Christiani

255 2773 401 2849 pontificis
438 2773 533 2831 missu
565 2774 721 2851 quisquam
751 2791 768 2832 e
798 2791 851 2832 suo
884 2791 1004 2832 numero
1039 2773 1173 2832 delectus

256 2862 412 2921 sacerdotii
439 2868 634 2939 consequatur
661 2864 873 2938 characterem,
904 2867 933 2920 et
955 2862 1077 2921 electuri
1100 2880 1173 2922 sane

254 2951 439 3025 videbantur,
471 2970 574 3011 verum
610 2970 678 3010 cum
715 2970 771 3026 ego
807 2951 1003 3024 discederem,
1040 2951 1172 3010 nondum

210 3053 237 3092 ao
255 3041 411 3114 elegerant.

322 3128 399 3202 Quin
431 3129 462 3187 hi
494 3147 609 3207 quoque
643 3130 777 3205 religioni
813 3129 989 3188 christianae
1026 3128 1077 3206 qui
1114 3148 1174 3188 non

255 3218 430 3291 adsentiunt,
452 3219 599 3277 neminem
621 3223 719 3278 tamen
742 3219 913 3292 absterrent,
941 3219 1056 3277 nullum
1079 3235 1173 3295 oppu-

255 3312 346 3381 gnant
369 3307 526 3381 imbutum,
556 3307 614 3365 nisi
644 3307 723 3384 quod
745 3326 823 3366 unus
845 3325 862 3366 e
885 3312 985 3366 nostro
1013 3311 1096 3366 coeto
1124 3326 1174 3367 me

255 3402 410 3472 praesente
432 3397 577 3455 coercitus
601 3402 654 3455 est.
691 3396 808 3454 iseum
827 3414 929 3455 recens
947 3396 1065 3455 ablutus
1087 3397 1174 3456 nobis

211 3498 237 3538 as
256 3490 356 3544 contra
384 3485 573 3544 suadentibus
608 3485 644 3543 de
672 3484 782 3543 Christi
809 3485 891 3544 cultu
919 3485 1035 3562 publice
1062 3485 1174 3545 maiore
