<?xml version="1.0" encoding="UTF-8"?>
<!DOCTYPE html PUBLIC "-//W3C//DTD XHTML 1.0 Transitional//EN"
    "http://www.w3.org/TR/xhtml1/DTD/xhtml1-transitional.dtd">
<html xmlns="http://www.w3.org/1999/xhtml" xml:lang="en" lang="en">
 <head>
  <title>
</title>
<meta http-equiv="Content-Type" content="text/html;charset=utf-8" />
  <meta name='ocr-system' content='tesseract 3.04.00' />
  <meta name='ocr-capabilities' content='ocr_page ocr_carea ocr_par ocr_line ocrx_word'/>
</head>
<body>
  <div class='ocr_page' id='page_1' title='image "./utopia01moregoog_0117.png"; bbox 0 0 2512 4020; ppageno 0'>
   <div class='ocr_carea' id='block_1_1' title="bbox 511 278 1109 349">
    <p class='ocr_par' dir='ltr' id='par_1_1' title="bbox 511 278 1109 349">
     <span class='ocr_line' id='line_1_1' title="bbox 511 278 1109 349; baseline 0.005 -16"><span class='ocrx_word' id='word_1_1' title='bbox 511 293 614 349; x_wconf 73' lang='lat' dir='ltr'>nouus,</span> <span class='ocrx_word' id='word_1_2' title='bbox 637 293 750 346; x_wconf 69' lang='lat' dir='ltr'>aroris,</span> <span class='ocrx_word' id='word_1_3' title='bbox 1068 278 1109 336; x_wconf 87' lang='grc'>39</span> 
     </span>
    </p>
   </div>
   <div class='ocr_carea' id='block_1_2' title="bbox 143 470 1111 3572">
    <p class='ocr_par' dir='ltr' id='par_1_2' title="bbox 143 470 1111 3572">
     <span class='ocr_line' id='line_1_2' title="bbox 193 470 1111 547; baseline 0.002 -18"><span class='ocrx_word' id='word_1_4' title='bbox 193 470 298 530; x_wconf 87' lang='lat' dir='ltr'>tudine</span> <span class='ocrx_word' id='word_1_5' title='bbox 321 470 449 529; x_wconf 80' lang='lat' dir='ltr'>declarat</span> <span class='ocrx_word' id='word_1_6' title='bbox 471 471 564 544; x_wconf 92' lang='lat' dir='ltr'>Plato,</span> <span class='ocrx_word' id='word_1_7' title='bbox 588 489 643 529; x_wconf 91' lang='lat' dir='ltr'>cur</span> <span class='ocrx_word' id='word_1_8' title='bbox 655 471 761 530; x_wconf 88' lang='lat' dir='ltr'>merito</span> <span class='ocrx_word' id='word_1_9' title='bbox 781 471 930 547; x_wconf 89' lang='lat' dir='ltr'>sapientes</span> <span class='ocrx_word' id='word_1_10' title='bbox 946 472 1111 532; x_wconf 88' lang='lat' dir='ltr'>abstineant</span> 
     </span>
     <span class='ocr_line' id='line_1_3' title="bbox 193 559 1111 637; baseline 0.003 -19"><span class='ocrx_word' id='word_1_11' title='bbox 193 579 212 618; x_wconf 89' lang='lat' dir='ltr'>a</span> <span class='ocrx_word' id='word_1_12' title='bbox 225 559 408 636; x_wconf 77' lang='lat' dir='ltr'>capescenda</span> <span class='ocrx_word' id='word_1_13' title='bbox 421 578 454 618; x_wconf 91' lang='lat' dir='ltr'>re</span> <span class='ocrx_word' id='word_1_14' title='bbox 468 559 601 636; x_wconf 86' lang='lat' dir='ltr'>publica:</span> <span class='ocrx_word' id='word_1_15' title='bbox 626 560 736 636; x_wconf 90' lang='lat' dir='ltr'>quippe</span> <span class='ocrx_word' id='word_1_16' title='bbox 752 578 821 618; x_wconf 91' lang='lat' dir='ltr'>cum</span> <span class='ocrx_word' id='word_1_17' title='bbox 834 561 977 637; x_wconf 92' lang='lat' dir='ltr'>populum</span> <span class='ocrx_word' id='word_1_18' title='bbox 991 561 1111 621; x_wconf 83' lang='lat' dir='ltr'>videant</span> 
     </span>
     <span class='ocr_line' id='line_1_4' title="bbox 193 643 1111 726; baseline 0.002 -19"><span class='ocrx_word' id='word_1_19' title='bbox 193 649 225 707; x_wconf 90' lang='lat' dir='ltr'>in</span> <span class='ocrx_word' id='word_1_20' title='bbox 241 643 368 724; x_wconf 55' lang='lat' dir='ltr'>&#39;plateas</span> <span class='ocrx_word' id='word_1_21' title='bbox 398 649 526 707; x_wconf 86' lang='lat' dir='ltr'>effusum</span> <span class='ocrx_word' id='word_1_22' title='bbox 554 649 683 707; x_wconf 83' lang='lat' dir='ltr'><strong>assiduis</strong></span> <span class='ocrx_word' id='word_1_23' title='bbox 714 649 857 707; x_wconf 86' lang='lat' dir='ltr'><strong>imbribus</strong></span> <span class='ocrx_word' id='word_1_24' title='bbox 888 650 1026 726; x_wconf 78' lang='lat' dir='ltr'>pemmdi</span> <span class='ocrx_word' id='word_1_25' title='bbox 1042 669 1111 710; x_wconf 84' lang='lat' dir='ltr'>nec</span> 
     </span>
     <span class='ocr_line' id='line_1_5' title="bbox 193 737 1073 814; baseline 0.002 -19"><span class='ocrx_word' id='word_1_26' title='bbox 193 737 373 814; x_wconf 87' lang='lat' dir='ltr'>persuadere</span> <span class='ocrx_word' id='word_1_27' title='bbox 409 743 519 814; x_wconf 81' lang='lat' dir='ltr'>queant</span> <span class='ocrx_word' id='word_1_28' title='bbox 553 738 629 811; x_wconf 91' lang='lat' dir='ltr'>illis,</span> <span class='ocrx_word' id='word_1_29' title='bbox 666 744 700 796; x_wconf 89' lang='lat' dir='ltr'>ut</span> <span class='ocrx_word' id='word_1_30' title='bbox 731 755 764 797; x_wconf 92' lang='lat' dir='ltr'>se</span> <span class='ocrx_word' id='word_1_31' title='bbox 797 738 962 797; x_wconf 87' lang='lat' dir='ltr'>subducant</span> <span class='ocrx_word' id='word_1_32' title='bbox 993 738 1073 814; x_wconf 84' lang='lat' dir='ltr'>plu&#39;</span> 
     </span>
     <span class='ocr_line' id='line_1_6' title="bbox 161 826 1111 903; baseline 0.008 -24"><span class='ocrx_word' id='word_1_33' title='bbox 161 831 331 902; x_wconf 72' lang='lat' dir='ltr'>eiectaque</span> <span class='ocrx_word' id='word_1_34' title='bbox 365 827 501 901; x_wconf 83' lang='lat' dir='ltr'>subeant,</span> <span class='ocrx_word' id='word_1_35' title='bbox 535 827 619 902; x_wconf 83' lang='lat' dir='ltr'>gnari</span> <span class='ocrx_word' id='word_1_36' title='bbox 650 826 725 885; x_wconf 92' lang='lat' dir='ltr'>nihil</span> <span class='ocrx_word' id='word_1_37' title='bbox 756 827 939 903; x_wconf 82' lang='lat' dir='ltr'>profecturos</span> <span class='ocrx_word' id='word_1_38' title='bbox 971 845 1051 902; x_wconf 89' lang='lat' dir='ltr'>sese,</span> <span class='ocrx_word' id='word_1_39' title='bbox 1084 829 1111 887; x_wconf 92' lang='lat' dir='ltr'>si</span> 
     </span>
     <span class='ocr_line' id='line_1_7' title="bbox 193 917 1111 992; baseline 0.003 -19"><span class='ocrx_word' id='word_1_40' title='bbox 193 920 309 989; x_wconf 85' lang='lat' dir='ltr'>exeant,</span> <span class='ocrx_word' id='word_1_41' title='bbox 333 933 421 992; x_wconf 85' lang='lat' dir='ltr'>qnam</span> <span class='ocrx_word' id='word_1_42' title='bbox 443 922 478 974; x_wconf 89' lang='lat' dir='ltr'>ut</span> <span class='ocrx_word' id='word_1_43' title='bbox 499 934 559 975; x_wconf 90' lang='lat' dir='ltr'>una</span> <span class='ocrx_word' id='word_1_44' title='bbox 581 917 793 992; x_wconf 77' lang='lat' dir='ltr'>compluantur,</span> <span class='ocrx_word' id='word_1_45' title='bbox 818 923 912 975; x_wconf 87' lang='lat' dir='ltr'>semet</span> <span class='ocrx_word' id='word_1_46' title='bbox 933 917 1010 976; x_wconf 88' lang='lat' dir='ltr'>intra</span> <span class='ocrx_word' id='word_1_47' title='bbox 1033 923 1111 976; x_wconf 86' lang='lat' dir='ltr'>tecta</span> 
     </span>
     <span class='ocr_line' id='line_1_8' title="bbox 193 1004 1110 1081; baseline 0.004 -20"><span class='ocrx_word' id='word_1_48' title='bbox 193 1004 345 1062; x_wconf 84' lang='lat' dir='ltr'>continent</span> <span class='ocrx_word' id='word_1_49' title='bbox 378 1004 519 1064; x_wconf 86' lang='lat' dir='ltr'>habentes</span> <span class='ocrx_word' id='word_1_50' title='bbox 552 1005 636 1079; x_wconf 89' lang='lat' dir='ltr'>satis,</span> <span class='ocrx_word' id='word_1_51' title='bbox 674 1006 790 1081; x_wconf 90' lang='lat' dir='ltr'>quando</span> <span class='ocrx_word' id='word_1_52' title='bbox 822 1005 933 1064; x_wconf 86' lang='lat' dir='ltr'>alienae</span> <span class='ocrx_word' id='word_1_53' title='bbox 968 1006 1110 1065; x_wconf 86' lang='lat' dir='ltr'>stultitiae</span> 
     </span>
     <span class='ocr_line' id='line_1_9' title="bbox 194 1094 1109 1170; baseline 0.003 -20"><span class='ocrx_word' id='word_1_54' title='bbox 194 1110 253 1151; x_wconf 92' lang='lat' dir='ltr'>non</span> <span class='ocrx_word' id='word_1_55' title='bbox 284 1099 409 1169; x_wconf 86' lang='lat' dir='ltr'>possunt</span> <span class='ocrx_word' id='word_1_56' title='bbox 440 1094 566 1168; x_wconf 83' lang='lat' dir='ltr'>mederi,</span> <span class='ocrx_word' id='word_1_57' title='bbox 599 1094 624 1152; x_wconf 92' lang='lat' dir='ltr'>si</span> <span class='ocrx_word' id='word_1_58' title='bbox 655 1094 714 1170; x_wconf 89' lang='lat' dir='ltr'>ipsi</span> <span class='ocrx_word' id='word_1_59' title='bbox 746 1094 852 1153; x_wconf 91' lang='lat' dir='ltr'>saltem</span> <span class='ocrx_word' id='word_1_60' title='bbox 884 1094 944 1152; x_wconf 90' lang='lat' dir='ltr'>sint</span> <span class='ocrx_word' id='word_1_61' title='bbox 974 1095 1006 1152; x_wconf 93' lang='lat' dir='ltr'>in</span> <span class='ocrx_word' id='word_1_62' title='bbox 1037 1101 1109 1154; x_wconf 85' lang='lat' dir='ltr'>tuta.</span> 
     </span>
     <span class='ocr_line' id='line_1_10' title="bbox 193 1179 1109 1261; baseline 0.003 -22"><span class='ocrx_word' id='word_1_63' title='bbox 193 1179 376 1258; x_wconf 80' lang='lat' dir='ltr'>Quamquam</span> <span class='ocrx_word' id='word_1_64' title='bbox 398 1183 538 1258; x_wconf 84' lang='lat' dir='ltr'>profecto,</span> <span class='ocrx_word' id='word_1_65' title='bbox 561 1183 602 1241; x_wconf 92' lang='lat' dir='ltr'>mi</span> <span class='ocrx_word' id='word_1_66' title='bbox 616 1183 698 1242; x_wconf 86' lang='lat' dir='ltr'>More</span> <span class='ocrx_word' id='word_1_67' title='bbox 721 1184 766 1261; x_wconf 89' lang='lat' dir='ltr'>(ut</span> <span class='ocrx_word' id='word_1_68' title='bbox 783 1201 817 1241; x_wconf 89' lang='lat' dir='ltr'>ea</span> <span class='ocrx_word' id='word_1_69' title='bbox 832 1201 901 1242; x_wconf 82' lang='lat' dir='ltr'>vere</span> <span class='ocrx_word' id='word_1_70' title='bbox 914 1183 1019 1255; x_wconf 89' lang='lat' dir='ltr'>dicam,</span> <span class='ocrx_word' id='word_1_71' title='bbox 1033 1202 1109 1260; x_wconf 88' lang='lat' dir='ltr'>quae</span> 
     </span>
     <span class='ocr_line' id='line_1_11' title="bbox 147 1271 1109 1348; baseline 0.008 -25"><span class='ocrx_word' id='word_1_72' title='bbox 147 1283 277 1329; x_wconf 77' lang='lat' dir='ltr'>romeus</span> <span class='ocrx_word' id='word_1_73' title='bbox 300 1271 416 1338; x_wconf 87' lang='lat' dir='ltr'>animus</span> <span class='ocrx_word' id='word_1_74' title='bbox 439 1272 602 1347; x_wconf 83' lang='lat' dir='ltr'>fert)·mihi</span> <span class='ocrx_word' id='word_1_75' title='bbox 624 1272 748 1345; x_wconf 67' lang='lat' dir='ltr'>uidetur,</span> <span class='ocrx_word' id='word_1_76' title='bbox 778 1272 957 1348; x_wconf 90' lang='lat' dir='ltr'>ubicumque</span> <span class='ocrx_word' id='word_1_77' title='bbox 979 1272 1109 1347; x_wconf 85' lang='lat' dir='ltr'>privatae</span> 
     </span>
     <span class='ocr_line' id='line_1_12' title="bbox 172 1360 1109 1437; baseline 0.001 -19"><span class='ocrx_word' id='word_1_78' title='bbox 172 1397 173 1400; x_wconf 57' lang='lat'><em>=</em></span> <span class='ocrx_word' id='word_1_79' title='bbox 193 1364 263 1418; x_wconf 90' lang='lat' dir='ltr'>sunt</span> <span class='ocrx_word' id='word_1_80' title='bbox 275 1360 488 1436; x_wconf 88' lang='lat' dir='ltr'>possessiones,</span> <span class='ocrx_word' id='word_1_81' title='bbox 505 1361 556 1431; x_wconf 88' lang='lat' dir='ltr'>ubi</span> <span class='ocrx_word' id='word_1_82' title='bbox 571 1379 673 1420; x_wconf 90' lang='lat' dir='ltr'>omues</span> <span class='ocrx_word' id='word_1_83' title='bbox 688 1361 784 1419; x_wconf 92' lang='lat' dir='ltr'>omnia</span> <span class='ocrx_word' id='word_1_84' title='bbox 793 1361 926 1437; x_wconf 88' lang='lat' dir='ltr'>pecuniis</span> <span class='ocrx_word' id='word_1_85' title='bbox 939 1361 1109 1435; x_wconf 86' lang='lat' dir='ltr'>metiuntur,</span> 
     </span>
     <span class='ocr_line' id='line_1_13' title="bbox 191 1448 1110 1526; baseline 0.004 -21"><span class='ocrx_word' id='word_1_86' title='bbox 191 1448 234 1506; x_wconf 93' lang='lat' dir='ltr'>ibi</span> <span class='ocrx_word' id='word_1_87' title='bbox 255 1448 308 1506; x_wconf 78' lang='lat' dir='ltr'>vix</span> <span class='ocrx_word' id='word_1_88' title='bbox 335 1467 465 1526; x_wconf 89' lang='lat' dir='ltr'>unquam</span> <span class='ocrx_word' id='word_1_89' title='bbox 491 1467 580 1526; x_wconf 87' lang='lat' dir='ltr'>posse</span> <span class='ocrx_word' id='word_1_90' title='bbox 607 1449 685 1524; x_wconf 89' lang='lat' dir='ltr'>fieri,</span> <span class='ocrx_word' id='word_1_91' title='bbox 716 1456 749 1509; x_wconf 92' lang='lat' dir='ltr'>ut</span> <span class='ocrx_word' id='word_1_92' title='bbox 772 1468 840 1508; x_wconf 92' lang='lat' dir='ltr'>cum</span> <span class='ocrx_word' id='word_1_93' title='bbox 862 1468 895 1510; x_wconf 91' lang='lat' dir='ltr'>re</span> <span class='ocrx_word' id='word_1_94' title='bbox 918 1450 1037 1526; x_wconf 90' lang='lat' dir='ltr'>publica</span> <span class='ocrx_word' id='word_1_95' title='bbox 1058 1457 1110 1509; x_wconf 88' lang='lat' dir='ltr'>aut</span> 
     </span>
     <span class='ocr_line' id='line_1_14' title="bbox 191 1537 1109 1615; baseline 0.005 -21"><span class='ocrx_word' id='word_1_96' title='bbox 191 1537 270 1596; x_wconf 87' lang='lat' dir='ltr'>iuste</span> <span class='ocrx_word' id='word_1_97' title='bbox 299 1544 404 1612; x_wconf 86' lang='lat' dir='ltr'>agatur</span> <span class='ocrx_word' id='word_1_98' title='bbox 432 1544 484 1597; x_wconf 90' lang='lat' dir='ltr'>aut</span> <span class='ocrx_word' id='word_1_99' title='bbox 512 1556 667 1615; x_wconf 89' lang='lat' dir='ltr'>prospere,</span> <span class='ocrx_word' id='word_1_100' title='bbox 695 1539 752 1597; x_wconf 89' lang='lat' dir='ltr'>nisi</span> <span class='ocrx_word' id='word_1_101' title='bbox 779 1539 828 1598; x_wconf 88' lang='lat' dir='ltr'>vel</span> <span class='ocrx_word' id='word_1_102' title='bbox 854 1539 894 1598; x_wconf 90' lang='lat' dir='ltr'>ibi</span> <span class='ocrx_word' id='word_1_103' title='bbox 923 1539 1033 1598; x_wconf 90' lang='lat' dir='ltr'>sentias</span> <span class='ocrx_word' id='word_1_104' title='bbox 1060 1539 1109 1614; x_wconf 86' lang='lat' dir='ltr'>agi</span> 
     </span>
     <span class='ocr_line' id='line_1_15' title="bbox 192 1625 1108 1704; baseline 0.003 -21"><span class='ocrx_word' id='word_1_105' title='bbox 192 1625 279 1693; x_wconf 80' lang='lat' dir='ltr'>iuste,</span> <span class='ocrx_word' id='word_1_106' title='bbox 310 1626 362 1684; x_wconf 92' lang='lat' dir='ltr'>ubi</span> <span class='ocrx_word' id='word_1_107' title='bbox 389 1627 499 1703; x_wconf 85' lang='lat' dir='ltr'>optima</span> <span class='ocrx_word' id='word_1_108' title='bbox 526 1646 659 1704; x_wconf 88' lang='lat' dir='ltr'>quaeque</span> <span class='ocrx_word' id='word_1_109' title='bbox 686 1627 860 1703; x_wconf 82' lang='lat' dir='ltr'>perveniunt</span> <span class='ocrx_word' id='word_1_110' title='bbox 886 1628 924 1686; x_wconf 90' lang='lat' dir='ltr'>ad</span> <span class='ocrx_word' id='word_1_111' title='bbox 954 1628 1108 1704; x_wconf 89' lang='lat' dir='ltr'>pessimos,</span> 
     </span>
     <span class='ocr_line' id='line_1_16' title="bbox 144 1714 1109 1798; baseline -0.001 -21"><span class='ocrx_word' id='word_1_112' title='bbox 144 1727 173 1798; x_wconf 69' lang='grc'>15</span> <span class='ocrx_word' id='word_1_113' title='bbox 192 1716 242 1773; x_wconf 86' lang='lat' dir='ltr'>vel</span> <span class='ocrx_word' id='word_1_114' title='bbox 263 1714 305 1774; x_wconf 90' lang='lat' dir='ltr'>ibi</span> <span class='ocrx_word' id='word_1_115' title='bbox 327 1715 460 1789; x_wconf 86' lang='lat' dir='ltr'>feliciter,</span> <span class='ocrx_word' id='word_1_116' title='bbox 483 1716 536 1775; x_wconf 93' lang='lat' dir='ltr'>ubi</span> <span class='ocrx_word' id='word_1_117' title='bbox 563 1716 659 1775; x_wconf 89' lang='lat' dir='ltr'>omnia</span> <span class='ocrx_word' id='word_1_118' title='bbox 677 1717 849 1775; x_wconf 80' lang='lat' dir='ltr'>dividuntur</span> <span class='ocrx_word' id='word_1_119' title='bbox 868 1717 898 1774; x_wconf 92' lang='lat' dir='ltr'>in</span> <span class='ocrx_word' id='word_1_120' title='bbox 915 1717 1109 1793; x_wconf 88' lang='lat' dir='ltr'>paucissimos</span> 
     </span>
     <span class='ocr_line' id='line_1_17' title="bbox 192 1804 1108 1882; baseline 0.003 -20"><span class='ocrx_word' id='word_1_121' title='bbox 192 1821 248 1862; x_wconf 91' lang='lat' dir='ltr'>neo</span> <span class='ocrx_word' id='word_1_122' title='bbox 269 1804 337 1862; x_wconf 87' lang='lat' dir='ltr'>illos</span> <span class='ocrx_word' id='word_1_123' title='bbox 359 1805 474 1864; x_wconf 90' lang='lat' dir='ltr'>habitos</span> <span class='ocrx_word' id='word_1_124' title='bbox 497 1805 702 1882; x_wconf 91' lang='lat' dir='ltr'>undecumque</span> <span class='ocrx_word' id='word_1_125' title='bbox 730 1806 883 1865; x_wconf 89' lang='lat' dir='ltr'>commode</span> <span class='ocrx_word' id='word_1_126' title='bbox 911 1806 1017 1864; x_wconf 87' lang='lat' dir='ltr'>ceteris</span> <span class='ocrx_word' id='word_1_127' title='bbox 1038 1825 1108 1865; x_wconf 86' lang='lat' dir='ltr'>vero</span> 
     </span>
     <span class='ocr_line' id='line_1_18' title="bbox 191 1892 1109 1971; baseline 0.002 -20"><span class='ocrx_word' id='word_1_128' title='bbox 191 1894 278 1969; x_wconf 89' lang='lat' dir='ltr'>plane</span> <span class='ocrx_word' id='word_1_129' title='bbox 307 1893 433 1952; x_wconf 91' lang='lat' dir='ltr'>miseris.</span> <span class='ocrx_word' id='word_1_130' title='bbox 480 1892 574 1966; x_wconf 80' lang='lat' dir='ltr'>Quam</span> <span class='ocrx_word' id='word_1_131' title='bbox 604 1895 640 1953; x_wconf 91' lang='lat' dir='ltr'>ob</span> <span class='ocrx_word' id='word_1_132' title='bbox 672 1913 744 1953; x_wconf 90' lang='lat' dir='ltr'>rem.</span> <span class='ocrx_word' id='word_1_133' title='bbox 768 1913 837 1954; x_wconf 89' lang='lat' dir='ltr'>cum</span> <span class='ocrx_word' id='word_1_134' title='bbox 868 1895 947 1971; x_wconf 87' lang='lat' dir='ltr'>apud</span> <span class='ocrx_word' id='word_1_135' title='bbox 977 1895 1109 1954; x_wconf 89' lang='lat' dir='ltr'>animum</span> 
     </span>
     <span class='ocr_line' id='line_1_19' title="bbox 147 1980 1108 2063; baseline -0.003 -17"><span class='ocrx_word' id='word_1_136' title='bbox 147 1992 210 2047; x_wconf 78' lang='lat' dir='ltr'>[eila]</span> <span class='ocrx_word' id='word_1_137' title='bbox 234 2000 333 2042; x_wconf 90' lang='lat' dir='ltr'>meum</span> <span class='ocrx_word' id='word_1_138' title='bbox 359 1987 464 2059; x_wconf 88' lang='lat' dir='ltr'>reputo</span> <span class='ocrx_word' id='word_1_139' title='bbox 491 1983 722 2059; x_wconf 88' lang='lat' dir='ltr'>prudentissima</span> <span class='ocrx_word' id='word_1_140' title='bbox 747 1989 838 2061; x_wconf 88' lang='lat' dir='ltr'>atque</span> <span class='ocrx_word' id='word_1_141' title='bbox 867 1984 1015 2043; x_wconf 89' lang='lat' dir='ltr'>sanctissi·</span> <span class='ocrx_word' id='word_1_142' title='bbox 1036 1980 1039 2063; x_wconf 71' lang='lat' dir='ltr'>l</span> <span class='ocrx_word' id='word_1_143' title='bbox 1060 2003 1108 2043; x_wconf 92' lang='lat' dir='ltr'>ma</span> 
     </span>
     <span class='ocr_line' id='line_1_20' title="bbox 190 2070 1107 2149; baseline 0.003 -21"><span class='ocrx_word' id='word_1_144' title='bbox 190 2070 324 2140; x_wconf 81' lang='lat' dir='ltr'>instituta</span> <span class='ocrx_word' id='word_1_145' title='bbox 343 2071 561 2148; x_wconf 79' lang='lat' dir='ltr'>Vtopiensimn,</span> <span class='ocrx_word' id='word_1_146' title='bbox 584 2073 663 2148; x_wconf 90' lang='lat' dir='ltr'>apud</span> <span class='ocrx_word' id='word_1_147' title='bbox 686 2091 760 2149; x_wconf 92' lang='lat' dir='ltr'>quos</span> <span class='ocrx_word' id='word_1_148' title='bbox 782 2079 843 2131; x_wconf 87' lang='lat' dir='ltr'>tam</span> <span class='ocrx_word' id='word_1_149' title='bbox 866 2073 968 2149; x_wconf 87' lang='lat' dir='ltr'>paucis</span> <span class='ocrx_word' id='word_1_150' title='bbox 991 2072 1107 2148; x_wconf 86' lang='lat' dir='ltr'>legibus</span> 
     </span>
     <span class='ocr_line' id='line_1_21' title="bbox 146 2160 1109 2242; baseline 0.001 -24"><span class='ocrx_word' id='word_1_151' title='bbox 146 2171 173 2212; x_wconf 84' lang='lat'>20</span> <span class='ocrx_word' id='word_1_152' title='bbox 191 2165 252 2218; x_wconf 88' lang='lat' dir='ltr'>tam</span> <span class='ocrx_word' id='word_1_153' title='bbox 267 2160 417 2219; x_wconf 89' lang='lat' dir='ltr'>commode</span> <span class='ocrx_word' id='word_1_154' title='bbox 440 2178 487 2219; x_wconf 88' lang='lat' dir='ltr'>res</span> <span class='ocrx_word' id='word_1_155' title='bbox 503 2161 752 2234; x_wconf 88' lang='lat' dir='ltr'>administrantur,</span> <span class='ocrx_word' id='word_1_156' title='bbox 775 2168 810 2233; x_wconf 87' lang='lat' dir='ltr'>ut</span> <span class='ocrx_word' id='word_1_157' title='bbox 823 2167 853 2242; x_wconf 82' lang='lat' dir='ltr'>et</span> <span class='ocrx_word' id='word_1_158' title='bbox 867 2161 968 2220; x_wconf 86' lang='lat' dir='ltr'>virtuti</span> <span class='ocrx_word' id='word_1_159' title='bbox 981 2161 1109 2238; x_wconf 89' lang='lat' dir='ltr'>pretium</span> 
     </span>
     <span class='ocr_line' id='line_1_22' title="bbox 192 2248 1107 2331; baseline 0.002 -25"><span class='ocrx_word' id='word_1_160' title='bbox 192 2248 231 2307; x_wconf 88' lang='lat' dir='ltr'>sit</span> <span class='ocrx_word' id='word_1_161' title='bbox 254 2254 404 2308; x_wconf 87' lang='lat' dir='ltr'>ettamen</span> <span class='ocrx_word' id='word_1_162' title='bbox 426 2249 570 2331; x_wconf 79' lang='lat' dir='ltr'>aequatis</span> <span class='ocrx_word' id='word_1_163' title='bbox 581 2251 670 2309; x_wconf 92' lang='lat' dir='ltr'>rebus</span> <span class='ocrx_word' id='word_1_164' title='bbox 691 2250 789 2310; x_wconf 87' lang='lat' dir='ltr'>omnia·</span> <span class='ocrx_word' id='word_1_165' title='bbox 802 2251 949 2309; x_wconf 88' lang='lat' dir='ltr'>abundent</span> <span class='ocrx_word' id='word_1_166' title='bbox 963 2251 1107 2324; x_wconf 91' lang='lat' dir='ltr'>omnibus,</span> 
     </span>
     <span class='ocr_line' id='line_1_23' title="bbox 191 2338 1108 2415; baseline 0.002 -19"><span class='ocrx_word' id='word_1_167' title='bbox 191 2343 264 2415; x_wconf 78' lang='lat' dir='ltr'>tirm,</span> <span class='ocrx_word' id='word_1_168' title='bbox 288 2338 339 2396; x_wconf 89' lang='lat' dir='ltr'>ubi</span> <span class='ocrx_word' id='word_1_169' title='bbox 361 2339 408 2396; x_wconf 93' lang='lat' dir='ltr'>his</span> <span class='ocrx_word' id='word_1_170' title='bbox 431 2357 534 2397; x_wconf 89' lang='lat' dir='ltr'>eorum</span> <span class='ocrx_word' id='word_1_171' title='bbox 556 2339 687 2398; x_wconf 86' lang='lat' dir='ltr'>moribus</span> <span class='ocrx_word' id='word_1_172' title='bbox 709 2358 747 2398; x_wconf 85' lang='lat' dir='ltr'>ex</span> <span class='ocrx_word' id='word_1_173' title='bbox 769 2340 894 2399; x_wconf 88' lang='lat' dir='ltr'>adverso</span> <span class='ocrx_word' id='word_1_174' title='bbox 909 2358 1046 2415; x_wconf 89' lang='lat' dir='ltr'>comparo</span> <span class='ocrx_word' id='word_1_175' title='bbox 1065 2346 1108 2398; x_wconf 86' lang='lat' dir='ltr'>tot</span> 
     </span>
     <span class='ocr_line' id='line_1_24' title="bbox 191 2421 1107 2504; baseline 0.003 -20"><span class='ocrx_word' id='word_1_176' title='bbox 191 2426 324 2485; x_wconf 89' lang='lat' dir='ltr'>nationes</span> <span class='ocrx_word' id='word_1_177' title='bbox 356 2427 430 2486; x_wconf 88' lang='lat' dir='ltr'>alias</span> <span class='ocrx_word' id='word_1_178' title='bbox 472 2445 590 2504; x_wconf 91' lang='lat' dir='ltr'>semper</span> <span class='ocrx_word' id='word_1_179' title='bbox 621 2429 789 2487; x_wconf 87' lang='lat' dir='ltr'>ordinantes</span> <span class='ocrx_word' id='word_1_180' title='bbox 821 2447 877 2488; x_wconf 90' lang='lat' dir='ltr'>nec</span> <span class='ocrx_word' id='word_1_181' title='bbox 907 2429 998 2486; x_wconf 89' lang='lat' dir='ltr'>ullam</span> <span class='ocrx_word' id='word_1_182' title='bbox 1021 2421 1107 2487; x_wconf 54' lang='lat' dir='ltr'>¹satis</span> 
     </span>
     <span class='ocr_line' id='line_1_25' title="bbox 191 2515 1107 2594; baseline 0.002 -21"><span class='ocrx_word' id='word_1_183' title='bbox 191 2515 354 2578; x_wconf 87' lang='lat' dir='ltr'>ordinatam</span> <span class='ocrx_word' id='word_1_184' title='bbox 375 2534 506 2592; x_wconf 90' lang='lat' dir='ltr'>unquam</span> <span class='ocrx_word' id='word_1_185' title='bbox 535 2536 635 2576; x_wconf 88' lang='lat' dir='ltr'>earum</span> <span class='ocrx_word' id='word_1_186' title='bbox 661 2518 803 2591; x_wconf 91' lang='lat' dir='ltr'>omnium,</span> <span class='ocrx_word' id='word_1_187' title='bbox 831 2518 862 2575; x_wconf 91' lang='lat' dir='ltr'>in</span> <span class='ocrx_word' id='word_1_188' title='bbox 884 2518 1004 2594; x_wconf 77' lang='lat' dir='ltr'>quibua,</span> <span class='ocrx_word' id='word_1_189' title='bbox 1028 2518 1107 2594; x_wconf 90' lang='lat' dir='ltr'>quod</span> 
     </span>
     <span class='ocr_line' id='line_1_26' title="bbox 145 2604 1107 2683; baseline 0.007 -26"><span class='ocrx_word' id='word_1_190' title='bbox 145 2616 173 2658; x_wconf 75' lang='lat'>25</span> <span class='ocrx_word' id='word_1_191' title='bbox 192 2604 317 2681; x_wconf 88' lang='lat' dir='ltr'>quisque</span> <span class='ocrx_word' id='word_1_192' title='bbox 340 2611 445 2663; x_wconf 89' lang='lat' dir='ltr'>nactus</span> <span class='ocrx_word' id='word_1_193' title='bbox 468 2606 564 2679; x_wconf 84' lang='lat' dir='ltr'>fuerit,</span> <span class='ocrx_word' id='word_1_194' title='bbox 590 2624 677 2665; x_wconf 88' lang='lat' dir='ltr'>suum</span> <span class='ocrx_word' id='word_1_195' title='bbox 696 2613 781 2666; x_wconf 88' lang='lat' dir='ltr'>vocat</span> <span class='ocrx_word' id='word_1_196' title='bbox 803 2607 958 2683; x_wconf 84' lang='lat' dir='ltr'>privatum,</span> <span class='ocrx_word' id='word_1_197' title='bbox 982 2624 1107 2683; x_wconf 89' lang='lat' dir='ltr'>quorum</span> 
     </span>
     <span class='ocr_line' id='line_1_27' title="bbox 176 2693 1107 2771; baseline 0.002 -20"><span class='ocrx_word' id='word_1_198' title='bbox 176 2698 252 2759; x_wconf 79' lang='lat' dir='ltr'>,tam</span> <span class='ocrx_word' id='word_1_199' title='bbox 274 2693 383 2752; x_wconf 89' lang='lat' dir='ltr'>multae</span> <span class='ocrx_word' id='word_1_200' title='bbox 406 2694 438 2752; x_wconf 92' lang='lat' dir='ltr'>in</span> <span class='ocrx_word' id='word_1_201' title='bbox 461 2695 526 2753; x_wconf 86' lang='lat' dir='ltr'>dies</span> <span class='ocrx_word' id='word_1_202' title='bbox 549 2694 683 2754; x_wconf 87' lang='lat' dir='ltr'>conditae</span> <span class='ocrx_word' id='word_1_203' title='bbox 706 2695 788 2771; x_wconf 85' lang='lat' dir='ltr'>leges</span> <span class='ocrx_word' id='word_1_204' title='bbox 802 2713 861 2754; x_wconf 92' lang='lat' dir='ltr'>non</span> <span class='ocrx_word' id='word_1_205' title='bbox 876 2695 1035 2766; x_wconf 89' lang='lat' dir='ltr'>sufficiunt,</span> <span class='ocrx_word' id='word_1_206' title='bbox 1058 2696 1107 2754; x_wconf 84' lang='lat' dir='ltr'>vel</span> 
     </span>
     <span class='ocr_line' id='line_1_28' title="bbox 190 2784 1107 2860; baseline 0.002 -20"><span class='ocrx_word' id='word_1_207' title='bbox 190 2786 225 2840; x_wconf 91' lang='lat' dir='ltr'>ut</span> <span class='ocrx_word' id='word_1_208' title='bbox 246 2787 444 2859; x_wconf 88' lang='lat' dir='ltr'>consequatur</span> <span class='ocrx_word' id='word_1_209' title='bbox 466 2784 622 2860; x_wconf 89' lang='lat' dir='ltr'>quisquam</span> <span class='ocrx_word' id='word_1_210' title='bbox 645 2786 693 2843; x_wconf 81' lang='lat' dir='ltr'>vel</span> <span class='ocrx_word' id='word_1_211' title='bbox 715 2792 749 2843; x_wconf 91' lang='lat' dir='ltr'>ut</span> <span class='ocrx_word' id='word_1_212' title='bbox 767 2789 885 2843; x_wconf 90' lang='lat' dir='ltr'>tueatur</span> <span class='ocrx_word' id='word_1_213' title='bbox 906 2785 956 2843; x_wconf 74' lang='lat' dir='ltr'>rel</span> <span class='ocrx_word' id='word_1_214' title='bbox 979 2790 1012 2842; x_wconf 93' lang='lat' dir='ltr'>ut</span> <span class='ocrx_word' id='word_1_215' title='bbox 1035 2784 1107 2842; x_wconf 91' lang='lat' dir='ltr'>satis</span> 
     </span>
     <span class='ocr_line' id='line_1_29' title="bbox 189 2870 1107 2949; baseline 0.004 -21"><span class='ocrx_word' id='word_1_216' title='bbox 189 2870 368 2931; x_wconf 88' lang='lat' dir='ltr'>internoscat</span> <span class='ocrx_word' id='word_1_217' title='bbox 381 2872 418 2930; x_wconf 91' lang='lat' dir='ltr'>ab</span> <span class='ocrx_word' id='word_1_218' title='bbox 436 2872 532 2931; x_wconf 89' lang='lat' dir='ltr'>alieno</span> <span class='ocrx_word' id='word_1_219' title='bbox 550 2873 633 2947; x_wconf 89' lang='lat' dir='ltr'>illud,</span> <span class='ocrx_word' id='word_1_220' title='bbox 648 2874 727 2949; x_wconf 91' lang='lat' dir='ltr'>quod</span> <span class='ocrx_word' id='word_1_221' title='bbox 741 2891 828 2932; x_wconf 92' lang='lat' dir='ltr'>suum</span> <span class='ocrx_word' id='word_1_222' title='bbox 841 2873 967 2932; x_wconf 89' lang='lat' dir='ltr'>invicem</span> <span class='ocrx_word' id='word_1_223' title='bbox 982 2873 1107 2949; x_wconf 86' lang='lat' dir='ltr'>quisque</span> 
     </span>
     <span class='ocr_line' id='line_1_30' title="bbox 190 2959 1107 3039; baseline 0.003 -21"><span class='ocrx_word' id='word_1_224' title='bbox 190 2959 338 3035; x_wconf 89' lang='lat' dir='ltr'>privatum</span> <span class='ocrx_word' id='word_1_225' title='bbox 368 2960 512 3035; x_wconf 90' lang='lat' dir='ltr'>nominat,</span> <span class='ocrx_word' id='word_1_226' title='bbox 544 2962 575 3020; x_wconf 90' lang='lat' dir='ltr'>id</span> <span class='ocrx_word' id='word_1_227' title='bbox 607 2962 683 3039; x_wconf 90' lang='lat' dir='ltr'>quod</span> <span class='ocrx_word' id='word_1_228' title='bbox 716 2962 802 3021; x_wconf 78' lang='lat' dir='ltr'>facile</span> <span class='ocrx_word' id='word_1_229' title='bbox 830 2962 962 3021; x_wconf 88' lang='lat' dir='ltr'>indicant</span> <span class='ocrx_word' id='word_1_230' title='bbox 992 2962 1107 3021; x_wconf 87' lang='lat' dir='ltr'>infinita</span> 
     </span>
     <span class='ocr_line' id='line_1_31' title="bbox 144 3049 1106 3128; baseline 0.008 -26"><span class='ocrx_word' id='word_1_231' title='bbox 144 3061 172 3102; x_wconf 88' lang='lat' dir='ltr'>ao</span> <span class='ocrx_word' id='word_1_232' title='bbox 189 3049 242 3107; x_wconf 91' lang='lat' dir='ltr'>illa</span> <span class='ocrx_word' id='word_1_233' title='bbox 268 3054 328 3108; x_wconf 84' lang='lat' dir='ltr'>tam</span> <span class='ocrx_word' id='word_1_234' title='bbox 357 3049 476 3108; x_wconf 89' lang='lat' dir='ltr'>assidue</span> <span class='ocrx_word' id='word_1_235' title='bbox 505 3051 656 3109; x_wconf 87' lang='lat' dir='ltr'>nascentia</span> <span class='ocrx_word' id='word_1_236' title='bbox 683 3070 772 3128; x_wconf 89' lang='lat' dir='ltr'>quam</span> <span class='ocrx_word' id='word_1_237' title='bbox 801 3070 952 3128; x_wconf 89' lang='lat' dir='ltr'>nunquam</span> <span class='ocrx_word' id='word_1_238' title='bbox 979 3051 1106 3112; x_wconf 89' lang='lat' dir='ltr'>finienda</span> 
     </span>
     <span class='ocr_line' id='line_1_32' title="bbox 188 3137 1105 3216; baseline 0.003 -20"><span class='ocrx_word' id='word_1_239' title='bbox 188 3137 299 3213; x_wconf 85' lang='lat' dir='ltr'>litigia:</span> <span class='ocrx_word' id='word_1_240' title='bbox 339 3138 427 3212; x_wconf 92' lang='lat' dir='ltr'>haec,</span> <span class='ocrx_word' id='word_1_241' title='bbox 464 3139 599 3215; x_wconf 89' lang='lat' dir='ltr'>inquam,</span> <span class='ocrx_word' id='word_1_242' title='bbox 636 3141 708 3198; x_wconf 86' lang='lat' dir='ltr'>dum</span> <span class='ocrx_word' id='word_1_243' title='bbox 744 3141 823 3216; x_wconf 90' lang='lat' dir='ltr'>apud</span> <span class='ocrx_word' id='word_1_244' title='bbox 859 3159 907 3199; x_wconf 91' lang='lat' dir='ltr'>me</span> <span class='ocrx_word' id='word_1_245' title='bbox 945 3140 1105 3213; x_wconf 71' lang='lat' dir='ltr'>considera</span> 
     </span>
     <span class='ocr_line' id='line_1_33' title="bbox 189 3227 1105 3305; baseline 0.002 -20"><span class='ocrx_word' id='word_1_246' title='bbox 189 3227 311 3303; x_wconf 89' lang='lat' dir='ltr'>aequior</span> <span class='ocrx_word' id='word_1_247' title='bbox 341 3227 458 3286; x_wconf 88' lang='lat' dir='ltr'>Platoni</span> <span class='ocrx_word' id='word_1_248' title='bbox 491 3229 530 3286; x_wconf 89' lang='lat' dir='ltr'>fio</span> <span class='ocrx_word' id='word_1_249' title='bbox 561 3229 719 3305; x_wconf 87' lang='lat' dir='ltr'>minusque</span> <span class='ocrx_word' id='word_1_250' title='bbox 751 3229 878 3288; x_wconf 88' lang='lat' dir='ltr'>demiror</span> <span class='ocrx_word' id='word_1_251' title='bbox 914 3229 1105 3304; x_wconf 84' lang='lat' dir='ltr'>dedignatum</span> 
     </span>
     <span class='ocr_line' id='line_1_34' title="bbox 187 3315 1106 3394; baseline 0.003 -21"><span class='ocrx_word' id='word_1_252' title='bbox 187 3315 249 3374; x_wconf 89' lang='lat' dir='ltr'>illis</span> <span class='ocrx_word' id='word_1_253' title='bbox 271 3317 354 3391; x_wconf 88' lang='lat' dir='ltr'>leges</span> <span class='ocrx_word' id='word_1_254' title='bbox 376 3317 454 3375; x_wconf 88' lang='lat' dir='ltr'>ferre</span> <span class='ocrx_word' id='word_1_255' title='bbox 477 3317 562 3391; x_wconf 91' lang='lat' dir='ltr'>ullas,</span> <span class='ocrx_word' id='word_1_256' title='bbox 586 3318 637 3394; x_wconf 94' lang='lat' dir='ltr'>qui</span> <span class='ocrx_word' id='word_1_257' title='bbox 659 3319 834 3377; x_wconf 90' lang='lat' dir='ltr'>recusabant</span> <span class='ocrx_word' id='word_1_258' title='bbox 856 3337 915 3391; x_wconf 87' lang='lat' dir='ltr'>eas,</span> <span class='ocrx_word' id='word_1_259' title='bbox 939 3318 1044 3394; x_wconf 91' lang='lat' dir='ltr'>quibus</span> <span class='ocrx_word' id='word_1_260' title='bbox 1067 3336 1106 3377; x_wconf 85' lang='lat' dir='ltr'>ex</span> 
     </span>
     <span class='ocr_line' id='line_1_35' title="bbox 176 3406 1105 3483; baseline 0 -19"><span class='ocrx_word' id='word_1_261' title='bbox 176 3423 282 3482; x_wconf 54' lang='lat' dir='ltr'>,aequo</span> <span class='ocrx_word' id='word_1_262' title='bbox 305 3423 407 3464; x_wconf 90' lang='lat' dir='ltr'>omnes</span> <span class='ocrx_word' id='word_1_263' title='bbox 432 3406 527 3464; x_wconf 92' lang='lat' dir='ltr'>omnia</span> <span class='ocrx_word' id='word_1_264' title='bbox 550 3406 728 3482; x_wconf 85' lang='lat' dir='ltr'>partirentur</span> <span class='ocrx_word' id='word_1_265' title='bbox 742 3407 903 3466; x_wconf 87' lang='lat' dir='ltr'>commoda.</span> <span class='ocrx_word' id='word_1_266' title='bbox 939 3408 971 3467; x_wconf 77' lang='lat' dir='ltr'>si</span> <span class='ocrx_word' id='word_1_267' title='bbox 985 3407 1105 3483; x_wconf 85' lang='lat' dir='ltr'>quidem</span> 
     </span>
     <span class='ocr_line' id='line_1_36' title="bbox 143 3494 1105 3572; baseline 0.007 -25"><span class='ocrx_word' id='word_1_268' title='bbox 143 3506 170 3547; x_wconf 80' lang='lat' dir='ltr'>as</span> <span class='ocrx_word' id='word_1_269' title='bbox 187 3494 274 3553; x_wconf 79' lang='lat' dir='ltr'>facile</span> <span class='ocrx_word' id='word_1_270' title='bbox 306 3494 452 3571; x_wconf 85' lang='lat' dir='ltr'>praevidit</span> <span class='ocrx_word' id='word_1_271' title='bbox 483 3496 570 3554; x_wconf 90' lang='lat' dir='ltr'>homo</span> <span class='ocrx_word' id='word_1_272' title='bbox 607 3495 855 3572; x_wconf 89' lang='lat' dir='ltr'>prudentissimus</span> <span class='ocrx_word' id='word_1_273' title='bbox 892 3515 981 3555; x_wconf 92' lang='lat' dir='ltr'>unam</span> <span class='ocrx_word' id='word_1_274' title='bbox 1017 3502 1105 3572; x_wconf 89' lang='lat' dir='ltr'>atque</span> 
     </span>
    </p>
   </div>
   <div class='ocr_carea' id='block_1_3' title="bbox 0 0 1260 4020">
    <p class='ocr_par' dir='ltr' id='par_1_3' title="bbox 0 0 1260 4020">
     <span class='ocr_line' id='line_1_37' title="bbox 0 0 1260 4020; baseline 0 1"><span class='ocrx_word' id='word_1_275' title='bbox 0 0 1260 4020; x_wconf 95' lang='lat' dir='ltr'> </span> 
     </span>
    </p>
   </div>
  </div>
 </body>
</html>
