2512 4020
509 336 613 391 nonus,
636 336 749 377 vrorm.
1068 320 1107 377 51

191 519 326 573 ceterum
348 516 404 572 hae
419 514 500 572 velut
518 514 711 573 imbeciliores
725 514 834 572 leiiora
847 519 988 572 tractant:
1012 514 1110 572 lanam

194 604 256 662 lere
283 604 435 679 linumque
462 609 632 678 operantnr;
663 603 734 661 viris
762 608 839 661 artes
863 604 993 679 reliquae
1015 605 1110 678 magis

195 693 355 751 laboriosae
382 692 565 751 mandantur.
611 693 740 750 Maxima
762 710 800 750 ex
828 698 910 767 parte
933 691 1057 768 quisque
1080 693 1110 749 in

195 781 287 857 patris
323 782 434 839 artibus
470 781 626 839 educatur:
669 800 736 838 nain
768 799 801 839 eo
839 781 970 856 plerique
1007 786 1111 839 natura

158 870 337 929 atteruntur.
384 869 494 942 Quodsi
522 888 610 945 quem
633 870 748 927 animus
771 870 827 928 alio
850 870 959 942 trahat,
987 870 1018 927 in
1047 871 1111 928 eius

196 959 318 1034 opificii,
356 959 440 1017 ouius
473 959 586 1034 capitur
618 959 730 1031 studio,
767 959 907 1017 familiam
943 960 1110 1035 quampiam

195 1048 350 1124 adoptione
373 1048 536 1106 traducitur
559 1066 627 1106 cura
644 1066 701 1105 non
715 1067 733 1105 a
747 1053 828 1123 patre
851 1048 936 1105 modo
960 1048 1032 1120 eius,
1058 1049 1111 1106 sed

197 1137 416 1211 magistratibus
440 1137 528 1195 etiam
551 1137 698 1212 praestita,
721 1142 755 1194 ut
777 1137 859 1211 gravi
882 1142 970 1213 atque
986 1137 1110 1195 honesto

145 1236 218 1291 [11111]
254 1225 454 1301 patrifamilias
486 1226 676 1301 mancipetur.
730 1224 815 1297 Quin,
837 1223 840 1304 l
863 1226 888 1282 si
920 1226 987 1301 quis
1022 1244 1109 1284 unam

151 1328 177 1367 io
196 1315 354 1390 perdoctus
386 1320 479 1372 artem
511 1315 598 1372 aliam
630 1320 782 1390 praeterea
814 1315 970 1390 cupiverit,
1008 1315 1111 1373 eodem

198 1404 282 1461 modo
323 1403 511 1480 permittitur.
566 1403 728 1479 Vtramque
766 1409 869 1461 nactus
906 1410 1002 1462 utram
1039 1404 1111 1462 velit

196 1498 322 1567 exercet,
346 1493 403 1550 nisi
425 1493 565 1551 alterutra
588 1493 690 1550 ciritas
713 1493 807 1566 magis
831 1498 923 1566 egeat.

264 1581 535 1658 Syphograntorum
571 1581 760 1657 praecipuum
794 1599 829 1639 ac
861 1599 953 1657 prope
990 1581 1110 1641 unicum

196 1671 346 1745 negotium
361 1676 407 1729 est
420 1689 521 1728 curare
536 1689 570 1728 ac
579 1671 757 1746 prospicere,
768 1689 803 1727 ne
814 1669 968 1746 quisquam
979 1669 1112 1728 desideat

147 1772 176 1812 ia
197 1760 320 1832 otiosuS,
353 1760 404 1818 sed
432 1761 475 1817 uti
504 1778 572 1818 suae
601 1759 725 1836 quisque
753 1760 808 1817 arti
836 1759 939 1817 sedulo
962 1759 1112 1817 incumbat

196 1867 251 1906 nec
274 1850 309 1907 ab
334 1866 448 1906 summo
471 1866 557 1907 mane
579 1853 677 1906 tamen
696 1848 734 1905 ad
749 1847 871 1906 multam
885 1866 980 1924 usque
994 1853 1111 1906 noctem

196 1943 338 2014 perpetuo
370 1937 469 1997 labore
499 1938 582 1996 velut
613 1937 744 1995 iumenta
774 1932 934 2012 fatigatus:
967 1936 1044 1995 Nam
1076 1955 1110 1995 ea

196 2027 373 2103 plusquam
398 2027 512 2085 servilis
536 2045 674 2084 aerumna
697 2031 757 2100 est;
782 2044 857 2102 quae
880 2032 979 2084 tamen
1001 2026 1110 2101 ubique

195 2116 259 2174 iere
283 2115 419 2191 opificum
442 2116 502 2173 vito
516 2121 562 2173 est
583 2115 946 2190 exceptithopiensibus,
968 2115 1026 2191 qui,
1043 2133 1111 2172 cum

146 2205 228 2262 auin
251 2204 338 2262 horas
360 2205 466 2279 viginti
489 2209 626 2280 quattuor
648 2205 783 2279 aequales
807 2204 886 2262 diem
905 2209 1112 2262 connumerata

197 2299 283 2351 nocte
297 2293 437 2367 dividant,
462 2311 514 2351 sex
528 2293 681 2351 dumtaxat
694 2293 775 2368 operi
790 2293 946 2368 deputant:
970 2298 1030 2351 tres
1044 2298 1111 2350 ante

197 2382 358 2454 meridiem,
382 2383 520 2458 aquibus
539 2381 694 2458 prandium
716 2383 830 2456 ineunt,
854 2387 942 2457 atque
960 2382 1110 2457 aprandio

197 2472 271 2528 duas
303 2471 546 2546 postmeridianas
578 2472 666 2529 horas
698 2489 766 2528 cum
797 2470 1013 2546 interquierint,
1050 2476 1110 2528 tres

197 2559 303 2618 deinde
318 2578 420 2618 rursus
435 2560 528 2618 labori
543 2561 625 2617 datas
641 2578 713 2618 cena
723 2560 872 2618 claudunt.
902 2559 976 2618 Cum
986 2558 1111 2634 primam

145 2662 177 2702 25
197 2649 299 2707 horam
326 2669 344 2706 a
371 2649 492 2707 meridie
524 2654 692 2725 numerent,
730 2650 784 2706 sub
817 2653 948 2706 octavam
980 2648 1111 2706 cubitum

196 2743 282 2813 eunt3
305 2739 392 2795 horas
416 2744 479 2796 octo
504 2755 624 2796 somnus
647 2737 784 2797 vindicat.

264 2825 414 2903 Quidquid
445 2827 522 2884 inter
554 2827 651 2901 operis
683 2826 769 2884 horas
802 2845 836 2885 ac
868 2826 963 2884 somni
995 2826 1111 2901 cibique

198 2916 328 2974 medium
355 2921 447 2989 esset,
475 2916 505 2973 id
534 2933 586 2973 suo
615 2915 756 2991 cuiusque
779 2915 898 2973 arbitrio
921 2915 1110 2990 permittitur,

197 3023 255 3062 non
278 3023 336 3081 quo
359 3024 412 3080 per
434 3005 539 3062 luxum
562 3011 613 3063 aut
628 3005 782 3078 segnitiem
796 3005 940 3077 abutatur,
965 3004 1017 3061 sed
1034 3004 1111 3079 quod

146 3106 177 3147 ao
197 3095 233 3152 ab
256 3094 371 3169 opificio
396 3112 449 3152 suo
471 3094 596 3152 liberum
625 3112 664 3151 ex
691 3093 780 3150 animi
809 3093 955 3151 sententia
977 3093 1008 3150 in
1031 3093 1111 3150 aliud

198 3183 348 3259 quippiam
379 3183 468 3241 studii
497 3185 571 3240 bene
601 3183 739 3240 conlocet.
785 3182 847 3240 Has
876 3182 1111 3257 intercapedines

198 3273 330 3348 plerique
348 3272 522 3348 impendimt
536 3272 651 3329 litteris.
682 3271 818 3329 Solemne
833 3276 878 3329 est
892 3271 969 3328 enim
979 3271 1112 3346 publicas

198 3361 317 3433 cottidie
339 3361 477 3419 lectiones
501 3361 600 3418 haberi
624 3361 804 3418 antelucanis
827 3361 920 3431 horis,
949 3360 1055 3436 quibus
1080 3365 1113 3417 ut

198 3450 341 3522 intersint,
365 3450 385 3506 ii
409 3450 562 3508 dumtaxat
584 3449 750 3523 adiguntur,
774 3449 823 3524 qui
838 3449 875 3506 ad
889 3449 1003 3506 litteras
1020 3449 1111 3505 nomi-

149 3551 180 3591 ae
198 3539 289 3597 natim
317 3539 418 3597 selecti
446 3544 529 3613 sunt;
558 3544 689 3596 ceterum
717 3557 755 3596 ex
779 3538 856 3595 omni
880 3538 992 3610 ordine,
1017 3555 1112 3596 mares

928 3640 957 3688 b*
