2512 4020
511 323 615 379 110110,
638 324 749 383 morra.
1068 308 1109 366 47

184 491 385 560 Ι111111111011111
399 489 513 559 modico
522 501 612 575 fonte,
624 500 677 560 sed
686 501 810 560 aliorum
822 519 945 560 occursu
955 502 1110 560 fluminum

191 595 281 667 atque
310 591 341 648 in
368 590 415 648 his
438 590 564 647 duorum
587 591 677 648 etiam
698 589 892 649 mediocrium
914 596 1020 650 auctus
1043 596 1111 650 ante

193 681 298 738 urbem
320 679 415 756 ipsam
438 679 615 755 quingentos
638 679 785 738 inlatum
807 697 914 756 passus
928 680 1110 756 extenditur3

191 786 263 827 mox
316 769 374 826 huo
387 767 513 843 amplior
529 768 683 844 sexaginta
696 768 778 826 milia
793 767 951 845 prolapsus
964 769 1112 845 excipitur

146 870 173 912 -s
191 859 229 916 ab
310 874 374 915 ano.
419 856 483 916 Hoc
512 861 574 916 toto
604 857 706 933 spatio,
736 857 814 933 quod
842 858 946 916 urbem
974 876 1008 916 ac
1030 877 1111 917 mare

191 946 354 1019 interiacet,
377 964 412 1004 ac
436 963 525 1020 supra
549 947 652 1005 urbem
676 963 794 1022 quoque
816 946 929 1023 aliquot
952 947 1034 1005 milia
1057 965 1111 1006 sex

191 1035 279 1094 horas
309 1039 467 1111 perpetuas
497 1034 624 1093 influens
652 1040 752 1093 aestus
781 1053 823 1098 ao,
845 1035 957 1094 refluus
987 1036 1112 1095 alternat

192 1125 282 1183 celeri
310 1124 440 1182 flumine.
487 1123 561 1182 Cum
585 1141 652 1183 sese
675 1124 801 1200 pelagus
824 1124 913 1183 infert
935 1124 1057 1200 triginta
1079 1125 1111 1184 11

191 1213 314 1289 longum
346 1213 440 1285 milia,
473 1217 568 1271 totum
595 1212 710 1287 Anydri
741 1212 859 1272 alveum
892 1213 955 1271 suis
987 1220 1112 1290 occupat

145 1301 282 1360 mundis
305 1301 459 1379 profligato
482 1306 644 1360 retrorsum
666 1301 769 1375 fluvio,
792 1307 858 1360 tum
871 1301 1020 1378 aliquanto
1033 1304 1111 1361 ultra

191 1391 337 1468 liquorem
365 1391 429 1449 eius
458 1390 608 1465 salsugine
631 1391 805 1467 corrumpit,
836 1391 943 1450 dehinc
969 1392 1110 1468 paulatim

192 1480 367 1538 dulcescens
389 1479 485 1538 amnis
509 1479 641 1538 sinoemis
659 1480 763 1538 urbem
779 1480 941 1556 perlabitur
954 1498 988 1539 ao
1001 1481 1111 1557 refugi-

192 1575 292 1628 entem
314 1569 447 1627 vicissim
476 1586 570 1645 purus
594 1575 625 1627 et
646 1568 832 1645 incorruptus
855 1569 893 1627 ad
916 1569 996 1646 ipsas
1018 1588 1111 1646 prope

192 1659 293 1717 lauces
315 1657 490 1734 insequitur.
527 1657 607 1716 Vrbs
630 1657 771 1717 adversae
794 1658 925 1716 fluminis
947 1658 1030 1734 ripae
1052 1677 1110 1718 non

145 1761 173 1802 15
193 1747 263 1823 pilis
277 1765 312 1805 ac
326 1746 488 1805 sublicibus
502 1746 617 1822 ligneis,
641 1746 693 1805 sed
708 1765 747 1805 ex
761 1765 850 1823 opere
865 1746 979 1822 lapideo
993 1747 1111 1823 egregie

191 1841 311 1894 arcuato
322 1841 410 1912 ponte
424 1836 581 1894 commissa
594 1841 640 1894 est
653 1836 690 1894 ab
703 1853 737 1894 ea
746 1841 839 1912 parte,
851 1854 926 1913 quae
938 1836 1110 1912 longissime

193 1925 283 1983 distat
298 1943 316 1982 a
329 1923 411 1996 mari,
435 1942 492 2001 quo
516 1943 606 1983 naves
629 1929 723 1983 totum
745 1925 776 1982 id
799 1925 877 1983 latus
899 1924 981 1983 urbis
997 1926 1111 2002 possint

192 2013 335 2072 inoffense
345 2013 538 2090 praetervehi.
561 2013 679 2072 Habent
692 2013 783 2072 alium
793 2019 944 2090 praeterea
953 2014 1109 2089 gurgitem,

192 2103 273 2161 haud
295 2121 436 2177 magnum
459 2102 580 2178 quidem
602 2103 695 2175 illum,
722 2103 775 2161 sed
797 2121 939 2179 perquam
961 2103 1110 2179 placidum

145 2205 173 2246 ao
193 2209 227 2250 00
256 2191 427 2250 iucundum.
471 2191 546 2250 Nam
570 2210 609 2250 ex
636 2191 740 2250 eodem
764 2191 926 2250 scaturiens
949 2197 1056 2265 monte,
1079 2192 1110 2250 in

147 2292 200 2347 [rja]
223 2269 285 2356 ¹qno
308 2281 411 2339 civitas
433 2276 436 2355 l
456 2281 637 2354 conlocatur,
667 2281 795 2339 mediam
817 2280 899 2338 illam
921 2299 975 2357 per
997 2281 1111 2340 devexa

192 2369 342 2446 perfluens
353 2369 474 2444 Anydro
484 2369 632 2428 miscetur.
655 2369 728 2428 Eius
737 2360 821 2428 fluvii
835 2370 1109 2446 caputiontemque

193 2457 273 2538 quod
295 2459 383 2535 paulo
402 2462 486 2517 extra
499 2460 602 2539 urbem
616 2458 755 2532 nascitur,
778 2459 968 2517 munimentis
982 2459 1109 2536 amplexi

191 2547 385 2608 Amaurotani
406 2547 569 2606 iunxenmt
591 2547 707 2624 oppido,
730 2566 775 2621 ne,
800 2548 826 2606 si
849 2547 967 2624 quavis
981 2548 1111 2607 hostium

145 2649 174 2690 25
186 2635 324 2711 ingruat,
354 2636 491 2712 intercipi
520 2641 608 2713 atque
635 2637 728 2696 averti
755 2655 831 2714 aqua
857 2655 934 2695 neve
961 2638 1110 2714 corrumpi

193 2730 288 2802 queat.
327 2725 402 2783 Inde
416 2725 566 2784 canalibus
580 2725 733 2785 coctilibus
750 2725 892 2784 diversim
905 2725 942 2784 ad
955 2726 1110 2786 inferiores

192 2814 274 2873 urbis
297 2819 395 2890 partes
418 2832 494 2890 aqua
509 2814 666 2890 moveam
691 2814 722 2872 id
738 2814 831 2873 sicubi
844 2814 927 2873 locus
941 2815 1007 2873 11011
1021 2820 1109 2884 vetat,

192 2903 327 2962 cisternis
357 2903 514 2979 capacibus
544 2903 675 2962 conlecta
703 2904 804 2980 pluvia
833 2903 1007 2963 tantundem
1036 2922 1109 2963 usus

192 2992 296 3052 adfert.

146 3092 174 3135 00
259 3081 363 3139 Murus
386 3083 464 3140 altus
486 3099 521 3140 ac
543 3081 620 3140 latus
639 3081 781 3156 oppidum
803 3081 903 3156 cingit,
926 3081 1056 3140 turribus
1075 3101 1110 3140 ac

192 3170 422 3247 propugnaculis
445 3171 601 3246 frequens3
624 3170 706 3227 arida
727 3171 815 3243 fossa,
839 3170 891 3228 sed
915 3171 973 3229 alta
991 3171 1109 3247 lataque

107 3333 109 3335 ι
192 3276 227 3318 ac
257 3258 392 3335 veprium
424 3260 561 3335 saepibus
593 3259 734 3335 impedita
769 3260 864 3318 tribus
899 3261 935 3319 ab
967 3259 1109 3319 lateribus

192 3346 355 3407 circumdat
384 3349 514 3422 moenia,
547 3352 650 3424 quarto
680 3349 791 3407 flumen
820 3348 920 3424 ipsum
949 3366 1002 3425 pro
1029 3349 1108 3407 fossa

192 3442 246 3496 est.
285 3437 405 3496 Plateae
428 3455 496 3496 cum
518 3436 556 3496 ad
579 3442 729 3496 vecturam
752 3442 815 3495 tum
838 3437 982 3496 adversus
1005 3442 1108 3497 ventos

148 3536 175 3580 ab
193 3525 357 3603 descriptae
395 3525 565 3602 commode3
606 3526 741 3586 aedificia
772 3526 943 3602 neutiquam
982 3526 1107 3599 sordida,
