2512 4020
508 311 614 387 lunave,
638 311 749 351 vrorrs.

196 490 366 565 quebantur.
389 488 493 565 Itaque
502 488 622 547 relictus
631 494 684 562 est,
699 488 742 546 uti
754 489 1002 564 obtemperaretur
1015 487 1115 546 animo

196 578 259 636 eius
296 577 537 653 peregrinationis
575 578 670 653 magis
707 595 795 654 quam
830 576 956 653 sepulcri
988 576 1114 649 curioso,

195 667 304 743 quippe
331 667 378 725 cui
408 667 482 725 haec
508 666 626 725 assidue
649 667 771 725 suntin
794 684 858 725 ore:
890 665 970 725 caelo
992 665 1116 740 tegitur,

196 756 245 832 qui
283 773 341 814 nou
376 755 463 814 habet
504 774 622 828 urnam,
663 761 707 814 et:
750 754 878 830 rmdique
916 755 954 812 ad
991 772 1115 830 superos

164 858 177 897 r
196 845 368 903 tantundem
391 862 456 902 esse
479 844 550 902 riae.
588 843 669 917 Quae
692 862 776 903 mens
798 844 874 913 eius,
900 843 957 902 nisi
980 844 1061 901 Deus
1085 843 1114 902 ei

196 934 339 1010 propitius
353 933 504 1006 adfuisset,
514 933 602 991 nimio
611 934 706 991 bremt
718 933 762 991 illi
772 938 945 992 constatura.
975 931 1116 990 Ceterum

196 1028 352 1098 postquam
388 1022 521 1097 digresso
552 1022 697 1098 Vespucio
735 1023 841 1080 multas
873 1018 1008 1096 regiones
1044 1037 1112 1079 cum

196 1112 325 1187 quinque
340 1111 570 1170 Castellanorum
585 1111 738 1170 comitibus
757 1128 894 1170 emensus
908 1116 962 1183 est,
986 1109 1114 1168 mirabili

195 1200 313 1260 tandem
350 1200 467 1278 fortuna
500 1199 689 1277 Taprobanen
726 1198 840 1259 delatus
879 1199 947 1258 inde
980 1193 1118 1275 pervenit

134 1284 179 1341 *ab
196 1289 228 1347 in
243 1289 378 1366 Caliquit,
402 1289 453 1347 ubi
466 1289 589 1365 repertis
603 1289 754 1348 commode
767 1289 975 1347 Lusitanorum
989 1287 1117 1346 naribus

196 1379 226 1436 in
249 1378 373 1455 patriam
396 1378 521 1455 denique
544 1384 659 1455 praeter
682 1396 765 1454 spem
787 1377 955 1437 revehitur.'

263 1468 343 1526 Haec
371 1467 420 1526 nbi
443 1467 570 1525 narravit
592 1467 711 1541 Petrus,
741 1467 814 1525 actis
841 1466 868 1525 ei
896 1465 1006 1542 gratiis,
1034 1465 1116 1542 quod

197 1562 257 1614 tarn
280 1556 427 1615 officiosus
450 1556 479 1614 in
503 1575 551 1614 me
573 1556 687 1629 fuisset,
712 1563 744 1615 ut
758 1556 842 1615 ouius
855 1555 912 1613 viri
925 1554 1114 1632 conloquium

198 1645 268 1703 mihi
287 1650 401 1720 gratum
424 1651 562 1721 speraret,
581 1646 644 1704 eius
659 1645 702 1704 nti
716 1663 848 1704 sermone
861 1646 983 1718 fruerer,
1001 1649 1115 1704 tantam

155 1734 339 1792 rurationem
362 1735 519 1808 habuisset,
542 1735 580 1793 ad
602 1735 781 1811 Raphaelem
804 1753 851 1793 me
874 1740 1025 1809 converto;
1049 1738 1116 1793 tum

197 1823 245 1881 ubi
279 1841 331 1881 nos
363 1829 465 1882 mutuo
502 1824 711 1883 salutassemus
747 1830 835 1900 atque
866 1823 918 1882 illa
948 1821 1116 1882 communia

197 1912 390 1985 dixissemus,
421 1931 495 1988 quae
523 1913 580 1971 dici
607 1913 637 1971 in
665 1913 759 1989 primo
781 1913 929 1990 hospitum
953 1929 1119 1987 congressu

198 2002 300 2074 solent,
323 2001 391 2060 inde
415 2002 533 2060 domum
556 2020 651 2061 meam
674 2001 855 2078 digredimur
871 2001 970 2078 ibique
985 2001 1015 2060 in
1029 2001 1118 2060 horto

197 2090 381 2149 considentes
408 2091 438 2148 in
466 2109 583 2149 scamno
615 2091 792 2167 caespitibus
824 2090 937 2148 herbeis
967 2095 1118 2149 constrato

152 2192 179 2232 ao
199 2179 425 2238 confabulemur.
484 2171 486 2174 ⁴

263 2268 400 2327 Narravit
409 2287 478 2344 ergo
489 2269 580 2342 nobis,
588 2287 645 2345 quo
654 2274 747 2344 pacto,
755 2265 1119 2344 posteaquamVespucius

197 2358 313 2430 abierat,
337 2357 400 2433 ipse
417 2357 546 2433 sociique
559 2358 631 2430 eius,
655 2358 749 2434 quiin
764 2357 892 2417 Castello
906 2361 1118 2430 remanserant,

198 2447 398 2505 conveniendo
425 2451 513 2523 atque
539 2446 714 2505 blandiendo
743 2447 892 2522 coeperint
919 2463 950 2504 se
973 2445 1115 2521 paulatim

197 2536 261 2593 eius
288 2541 382 2594 terrae
412 2535 548 2610 gentibus
577 2535 723 2594 insinuare
756 2535 873 2612 iamque
906 2553 963 2593 non
994 2534 1118 2594 innoxie

153 2637 179 2676 aa
199 2624 285 2682 modo
314 2624 392 2699 apud
421 2643 470 2684 eas
498 2625 551 2684 sed
580 2624 667 2683 etiam
694 2625 873 2683 familiariter
896 2623 1020 2696 versari,
1050 2629 1115 2682 tum

198 2713 324 2789 principi
352 2713 477 2787 cuidam,
505 2713 589 2772 cuius
616 2719 646 2772 et
672 2712 766 2789 patria
788 2713 860 2771 mihi
882 2719 913 2771 et
934 2730 1040 2771 nomen
1063 2730 1118 2771 ex-

198 2802 280 2875 cidit,
315 2802 391 2877 grati
420 2803 537 2879 carique
561 2821 634 2862 esse.
680 2802 752 2861 llius
779 2802 950 2862 liberalitate
980 2803 1117 2876 narrabat

198 2897 392 2949 commeatum
406 2900 494 2968 atque
505 2883 643 2950 ¹viaticum
660 2891 718 2967 ipsi
734 2897 764 2950 et
776 2891 906 2968 quinque
923 2892 986 2950 eius
1003 2891 1118 2950 comiti·

199 2979 253 3037 bus
276 2979 396 3037 adlatim
425 2981 517 3039 fuisse
545 2981 763 3057 suppeditatum
792 2999 858 3038 cum
887 2980 1008 3055 itineris,
1036 2981 1115 3056 quod

153 3077 252 3144 super
284 3086 389 3143 aquam
422 3071 547 3144 ratibus,
579 3089 633 3146 per
664 3077 771 3128 terram
806 3061 895 3128 crnru
929 3069 1117 3145 peragebant,

199 3157 370 3216 fidelissimo
400 3158 487 3232 duce,
520 3159 570 3235 qui
600 3177 650 3217 eos
680 3160 717 3217 ad
748 3158 821 3217 alios
849 3159 1010 3235 principes,
1041 3176 1116 3236 quos

199 3245 354 3320 diligenter
375 3248 570 3306 commendati
588 3249 734 3323 petebant,
758 3248 923 3307 adduceret.
955 3247 1032 3307 Nam
1047 3255 1117 3324 post

199 3335 358 3393 multorum
387 3336 491 3394 itinera
520 3337 634 3395 dierum
662 3337 769 3412 oppida
795 3343 883 3413 atque
910 3339 997 3396 urbes
1020 3337 1116 3396 aiebat

142 3418 144 3424 ⁴
199 3425 365 3499 repperisse
389 3443 420 3483 se
442 3444 477 3483 ac
490 3443 548 3483 non
562 3426 690 3501 pessime
704 3426 853 3484 institutas
871 3444 977 3502 magna
993 3426 1115 3504 populo·

153 3526 181 3565 :s
199 3532 264 3570 rum
288 3514 522 3589 frequentiores
545 3515 687 3590 publicas.
732 3515 847 3591 Nempe
873 3517 927 3574 sub
950 3514 1115 3593 aequatoris
