2512 4020
461 309 565 365 nonve,
589 310 700 350 urcem.
1018 292 1059 350 41

215 488 263 546 ‘At
285 487 376 560 mihi’,
405 487 538 564 inquam,
567 489 681 546 ‘contra
704 488 821 546 videtur
847 487 889 546 ibi
911 506 1061 564 uunquam

147 577 300 635 commode
322 576 384 642 vivi
406 594 502 652 posse,
525 577 576 634 ubi
592 577 689 635 omnia
704 577 762 635 sint
775 577 949 635 communia.
986 577 1062 635 Nam

148 683 207 742 quo
234 672 320 741 pacto
348 671 486 741 suppetat
513 666 598 742 copia
624 684 724 724 rerum
752 666 883 742 quolibet
904 667 940 725 ab
963 667 1062 725 labore

149 755 331 814 subducente
362 772 410 828 se,
447 760 549 830 utpote
586 773 675 831 quern
712 773 809 830 neque
844 755 890 813 sui
922 761 1062 830 quaestus

114 855 129 898 5
147 849 237 919 urget
253 842 327 902 ratio
341 848 372 902 et
384 844 497 902 alienae
510 843 672 902 industriae
686 843 794 902 fiducia
807 844 906 902 reddit
920 846 1062 919 segnem?

148 933 189 991 At
211 950 278 991 cum
300 938 331 991 et
354 933 543 991 stimulentur
567 933 665 1008 inopia
687 951 783 1009 neque
806 933 885 1009 quod
908 933 1062 1009 quisquam

148 1021 236 1080 fuerit
262 1027 378 1095 nactus,
409 1022 439 1079 id
466 1040 519 1098 pro
543 1039 597 1080 suo
620 1022 697 1080 tueri
719 1022 780 1080 ulla
802 1022 896 1097 possit
918 1023 998 1097 lege,
1026 1040 1063 1079 an

149 1129 208 1169 non
230 1128 352 1169 necesse
370 1117 415 1169 est
430 1116 572 1187 perpetua
586 1111 675 1169 caede
689 1129 724 1169 ac
739 1111 883 1169 seditione
897 1111 1063 1169 laboretur?

150 1199 271 1259 Sublata
306 1200 479 1276 praesertim
510 1200 683 1259 auctoritate
713 1217 748 1258 ac
777 1199 942 1258 reverentia
972 1199 1064 1274 magi-

101 1301 130 1342 10
150 1294 310 1363 stratuum,
338 1289 386 1347 cui
414 1289 481 1365 quis
508 1307 575 1347 esse
601 1289 685 1347 locus
712 1289 806 1364 possit
828 1289 907 1364 apud
930 1289 1063 1346 homines

147 1378 231 1451 tates,
255 1395 330 1454 quos
351 1378 428 1436 inter
451 1379 565 1436 nulium
583 1378 743 1436 discrimen
756 1383 808 1449 est,
832 1395 868 1436 ne
883 1377 1063 1436 comminisci

148 1466 270 1543 quidem
297 1465 391 1543 queo’
433 1467 511 1525 ‘Non
539 1466 646 1540 miror',
669 1467 778 1543 inquit,
807 1467 862 1524 ‘sic
885 1465 980 1525 rideri
1001 1466 1063 1538 tibi,

149 1555 260 1631 quippe
290 1555 339 1614 cui
367 1555 431 1614 eius
462 1555 558 1631 imago
586 1556 631 1614 rei
657 1561 709 1613 aut
735 1556 817 1614 nulla
845 1555 992 1614 succurrit
1014 1561 1065 1613 aut

148 1645 231 1704 falsa.
268 1644 381 1703 Verum
406 1645 431 1702 si
454 1644 485 1702 in
508 1645 616 1720 Vtopia
638 1645 747 1702 fuisses
770 1663 885 1703 mecum
908 1662 1064 1720 moresque

103 1746 130 1787 15
149 1750 251 1792 eorum
273 1738 361 1810 atque
383 1733 518 1792 instituta
540 1734 666 1791 vidisses
689 1751 837 1809 praesens,
865 1740 899 1792 ut
921 1751 975 1808 ego
998 1732 1064 1805 ieci,

149 1822 202 1899 qui
215 1823 283 1898 plus
297 1823 381 1881 aunis
396 1822 526 1899 quinque
536 1823 576 1881 ibi
586 1823 649 1880 rixi
659 1840 754 1898 neque
764 1841 892 1898 unquam
903 1822 1065 1880 voluissem

148 1911 218 1970 inde
241 1911 400 1986 discedere,
424 1911 483 1970 nisi
505 1918 538 1970 ut
557 1929 667 1970 norum
686 1912 773 1969 illum
787 1913 886 1969 orbem
901 1911 1064 1986 proderem,

149 2006 214 2059 tum
237 2001 324 2076 plane
345 2001 469 2060 faterere
487 2001 629 2077 populum
643 2007 725 2059 recte
739 2001 906 2059 institutum
920 2018 1065 2075 nusquam

149 2088 218 2147 alibi
240 2094 270 2148 te
293 2089 404 2148 vidisse
427 2109 515 2166 quam
542 2089 621 2148 iliic.¹
667 2089 767 2166 ‘Atqui
789 2088 938 2165 profecto,
970 2089 1065 2165 inquit

103 2189 131 2232 20
150 2177 257 2236 Petrus
280 2178 436 2254 AegidiuS,
467 2181 563 2254 ‘aegre
591 2178 769 2254 persuadeas
796 2177 870 2236 mihi
892 2176 999 2236 meiius
1022 2177 1065 2234 in-

150 2268 288 2326 stitutum
317 2268 459 2344 populum
488 2268 519 2325 in
548 2285 623 2326 novo
653 2267 704 2325 illo
734 2286 822 2344 quam
852 2267 882 2324 in
912 2267 967 2324 hoc
997 2271 1065 2324 noto

150 2356 235 2415 nobis
258 2357 328 2415 orbe
351 2356 483 2432 reperiri,
507 2362 541 2415 ut
559 2356 589 2414 iu
604 2375 661 2432 quo
675 2374 772 2433 neque
788 2355 933 2414 deteriora
947 2355 1066 2430 ingenia

149 2451 181 2504 et
203 2445 379 2504 vetustiores
403 2446 506 2521 opinor
528 2463 595 2504 esse
617 2464 705 2522 quam
733 2445 765 2502 iu
787 2445 838 2503 illo
861 2462 909 2502 res
932 2444 1065 2520 publicas

150 2539 181 2592 et
211 2534 244 2593 in
275 2534 383 2611 quibus
414 2535 541 2611 plurima
574 2534 612 2592 ad
644 2534 735 2592 vitam
771 2534 923 2592 commoda
958 2534 1065 2608 longus

104 2635 133 2676 25
150 2623 263 2682 invenit
289 2640 376 2696 usus,
404 2629 438 2682 ut
464 2641 502 2682 ne
529 2623 656 2682 adiciam
678 2623 757 2699 apud
780 2641 833 2681 nus
857 2640 928 2681 casu
950 2628 1066 2697 reperta

151 2712 308 2788 quaedam,
338 2713 446 2788 quibus
475 2712 676 2786 excogitandis
708 2711 823 2769 nullum
850 2711 995 2787 potuisset
1021 2711 1066 2768 in-

151 2800 271 2876 genium
293 2802 447 2860 sufficere.’
487 2800 581 2874 ‘Quod
603 2801 641 2860 ad
663 2800 861 2873 uetustatem'⁷
887 2800 984 2876 inquit
1005 2800 1065 2871 ille,

151 2893 260 2948 ‘rerum
288 2891 392 2949 attinet
421 2891 620 2966 publicarum,
650 2896 714 2948 tum
741 2889 930 2965 pronuntiare
963 2906 1065 2964 posses

106 2989 177 3044 [eiua]
195 2979 313 3053 rectius,
335 2977 338 3060 Ι
360 2979 386 3038 si
405 2979 543 3038 historias
557 2979 637 3037 iilius
652 2979 730 3037 orbis
744 2979 937 3054 perlegisses:
960 2977 1066 3054 quibus

104 3068 179 3127 acsi
205 3069 281 3128 fides
310 3069 411 3128 haberi
441 3068 541 3142 debet,
571 3067 654 3143 prius
682 3068 761 3143 apud
788 3085 838 3125 eos
867 3071 950 3125 erant
976 3067 1066 3125 urbes

151 3174 240 3234 quam
261 3157 396 3216 homines
419 3157 498 3233 apud
515 3174 584 3232 nos;
607 3157 666 3215 iarn
683 3174 751 3215 vero
765 3156 909 3232 quidquid
923 3156 1066 3214 hactenus

151 3247 201 3305 rel
222 3246 374 3322 ingenium
397 3246 511 3305 invenit
533 3247 583 3304 vel
606 3263 693 3304 casus
707 3245 823 3321 reperit,
840 3246 897 3303 hoc
910 3245 1066 3320 utrobique

150 3335 247 3413 potuit
274 3335 433 3394 exstitisse.
479 3334 617 3393 Ceterum
644 3353 699 3409 ego
726 3339 805 3393 certe
832 3338 919 3409 puto:
950 3339 984 3392 ut
1006 3333 1066 3391 illis

150 3430 335 3502 praestemus
370 3424 501 3499 ingenio,
535 3424 632 3482 studio
664 3429 763 3482 tamen
799 3428 887 3499 atque
921 3422 1068 3480 industria

105 3524 134 3568 ao
151 3512 241 3590 longe
259 3531 279 3574 a
295 3518 380 3590 tergo
402 3512 607 3590 relinquimur.
640 3512 725 3586 Nam,
749 3517 783 3570 ut
805 3511 936 3587 ipsorum
958 3512 1068 3569 habent
