<?xml version="1.0" encoding="UTF-8"?>
<!DOCTYPE html PUBLIC "-//W3C//DTD XHTML 1.0 Transitional//EN"
    "http://www.w3.org/TR/xhtml1/DTD/xhtml1-transitional.dtd">
<html xmlns="http://www.w3.org/1999/xhtml" xml:lang="en" lang="en">
 <head>
  <title>
</title>
<meta http-equiv="Content-Type" content="text/html;charset=utf-8" />
  <meta name='ocr-system' content='tesseract 3.04.00' />
  <meta name='ocr-capabilities' content='ocr_page ocr_carea ocr_par ocr_line ocrx_word'/>
</head>
<body>
  <div class='ocr_page' id='page_1' title='image "./utopia01moregoog_0168.png"; bbox 0 0 2512 4020; ppageno 0'>
   <div class='ocr_carea' id='block_1_1' title="bbox 150 293 744 365">
    <p class='ocr_par' dir='ltr' id='par_1_1' title="bbox 150 293 744 365">
     <span class='ocr_line' id='line_1_1' title="bbox 150 293 744 365; baseline -0.003 -13"><span class='ocrx_word' id='word_1_1' title='bbox 150 293 190 352; x_wconf 85' lang='lat'>90</span> <span class='ocrx_word' id='word_1_2' title='bbox 506 310 610 365; x_wconf 80' lang='lat' dir='ltr'>nonus,</span> <span class='ocrx_word' id='word_1_3' title='bbox 633 309 744 350; x_wconf 78' lang='lat' dir='ltr'>rrorrn.</span> 
     </span>
    </p>
   </div>
   <div class='ocr_carea' id='block_1_2' title="bbox 159 487 1118 1186">
    <p class='ocr_par' dir='ltr' id='par_1_2' title="bbox 190 487 1111 830">
     <span class='ocr_line' id='line_1_2' title="bbox 190 487 1110 564; baseline -0.001 -19"><span class='ocrx_word' id='word_1_4' title='bbox 190 487 263 564; x_wconf 89' lang='lat' dir='ltr'>ipsis</span> <span class='ocrx_word' id='word_1_5' title='bbox 295 506 412 564; x_wconf 90' lang='lat' dir='ltr'>quoque</span> <span class='ocrx_word' id='word_1_6' title='bbox 442 487 523 546; x_wconf 88' lang='lat' dir='ltr'>initis</span> <span class='ocrx_word' id='word_1_7' title='bbox 554 504 613 545; x_wconf 89' lang='lat' dir='ltr'>non</span> <span class='ocrx_word' id='word_1_8' title='bbox 644 487 802 545; x_wconf 79' lang='lat' dir='ltr'>amicitiam</span> <span class='ocrx_word' id='word_1_9' title='bbox 839 487 1017 560; x_wconf 77' lang='lat' dir='ltr'>coalescere,</span> <span class='ocrx_word' id='word_1_10' title='bbox 1055 487 1110 544; x_wconf 93' lang='lat' dir='ltr'>sed</span> 
     </span>
     <span class='ocr_line' id='line_1_3' title="bbox 191 573 1109 652; baseline 0 -18"><span class='ocrx_word' id='word_1_11' title='bbox 191 595 309 636; x_wconf 90' lang='lat' dir='ltr'>manere</span> <span class='ocrx_word' id='word_1_12' title='bbox 332 576 491 652; x_wconf 88' lang='lat' dir='ltr'>praedandi</span> <span class='ocrx_word' id='word_1_13' title='bbox 514 573 670 649; x_wconf 80' lang='lat' dir='ltr'>licentiam,</span> <span class='ocrx_word' id='word_1_14' title='bbox 694 581 839 652; x_wconf 88' lang='lat' dir='ltr'>qnatenus</span> <span class='ocrx_word' id='word_1_15' title='bbox 862 594 917 651; x_wconf 92' lang='lat' dir='ltr'>per</span> <span class='ocrx_word' id='word_1_16' title='bbox 939 575 1109 651; x_wconf 91' lang='lat' dir='ltr'>impruden·</span> 
     </span>
     <span class='ocr_line' id='line_1_4' title="bbox 192 664 1110 740; baseline -0.001 -17"><span class='ocrx_word' id='word_1_17' title='bbox 192 666 261 723; x_wconf 89' lang='lat' dir='ltr'>tiam</span> <span class='ocrx_word' id='word_1_18' title='bbox 284 665 413 724; x_wconf 89' lang='lat' dir='ltr'>dictandi</span> <span class='ocrx_word' id='word_1_19' title='bbox 427 665 554 724; x_wconf 83' lang='lat' dir='ltr'>foederis</span> <span class='ocrx_word' id='word_1_20' title='bbox 569 665 651 738; x_wconf 84' lang='lat' dir='ltr'>nihil,</span> <span class='ocrx_word' id='word_1_21' title='bbox 668 664 746 740; x_wconf 93' lang='lat' dir='ltr'>quod</span> <span class='ocrx_word' id='word_1_22' title='bbox 760 665 920 740; x_wconf 86' lang='lat' dir='ltr'>prohibeat,</span> <span class='ocrx_word' id='word_1_23' title='bbox 936 665 1008 722; x_wconf 89' lang='grc'><strong>11111</strong></span> <span class='ocrx_word' id='word_1_24' title='bbox 1024 669 1110 722; x_wconf 89' lang='lat' dir='ltr'>caute</span> 
     </span>
     <span class='ocr_line' id='line_1_5' title="bbox 192 753 1111 830; baseline 0 -18"><span class='ocrx_word' id='word_1_25' title='bbox 192 755 438 830; x_wconf 88' lang='lat' dir='ltr'>comprehensum</span> <span class='ocrx_word' id='word_1_26' title='bbox 465 754 496 811; x_wconf 92' lang='lat' dir='ltr'>in</span> <span class='ocrx_word' id='word_1_27' title='bbox 519 754 613 829; x_wconf 90' lang='lat' dir='ltr'>pactis</span> <span class='ocrx_word' id='word_1_28' title='bbox 636 761 689 812; x_wconf 90' lang='grc'><strong>111.</strong></span> <span class='ocrx_word' id='word_1_29' title='bbox 735 755 775 811; x_wconf 82' lang='lat' dir='ltr'>At</span> <span class='ocrx_word' id='word_1_30' title='bbox 797 753 842 811; x_wconf 89' lang='lat' dir='ltr'>illi</span> <span class='ocrx_word' id='word_1_31' title='bbox 865 759 964 811; x_wconf 88' lang='lat' dir='ltr'>contra</span> <span class='ocrx_word' id='word_1_32' title='bbox 988 759 1111 812; x_wconf 90' lang='lat' dir='ltr'>censent</span> 
     </span>
    </p>

    <p class='ocr_par' dir='ltr' id='par_1_3' title="bbox 159 835 1118 1186">
     <span class='ocr_line' id='line_1_6' title="bbox 159 835 1118 919; baseline 0.005 -23"><span class='ocrx_word' id='word_1_33' title='bbox 159 843 335 902; x_wconf 77' lang='lat' dir='ltr'>cneminem</span> <span class='ocrx_word' id='word_1_34' title='bbox 358 862 411 919; x_wconf 89' lang='lat' dir='ltr'>pro</span> <span class='ocrx_word' id='word_1_35' title='bbox 434 843 552 901; x_wconf 92' lang='lat' dir='ltr'>inimico</span> <span class='ocrx_word' id='word_1_36' title='bbox 575 843 750 916; x_wconf 85' lang='lat' dir='ltr'>habendum,</span> <span class='ocrx_word' id='word_1_37' title='bbox 773 860 865 918; x_wconf 90' lang='lat' dir='ltr'>aquo</span> <span class='ocrx_word' id='word_1_38' title='bbox 889 842 963 900; x_wconf 90' lang='lat' dir='ltr'>nihil</span> <span class='ocrx_word' id='word_1_39' title='bbox 984 835 1118 901; x_wconf 89' lang='lat' dir='ltr'>iniuriae</span> 
     </span>
     <span class='ocr_line' id='line_1_7' title="bbox 191 931 1110 1008; baseline 0 -19"><span class='ocrx_word' id='word_1_40' title='bbox 191 933 354 1008; x_wconf 81' lang='lat' dir='ltr'>profectum</span> <span class='ocrx_word' id='word_1_41' title='bbox 376 937 438 990; x_wconf 88' lang='lat' dir='ltr'>est:</span> <span class='ocrx_word' id='word_1_42' title='bbox 461 937 582 990; x_wconf 90' lang='lat' dir='ltr'>naturae</span> <span class='ocrx_word' id='word_1_43' title='bbox 606 931 783 989; x_wconf 85' lang='lat' dir='ltr'>consortium</span> <span class='ocrx_word' id='word_1_44' title='bbox 805 931 934 990; x_wconf 83' lang='lat' dir='ltr'>foederis</span> <span class='ocrx_word' id='word_1_45' title='bbox 955 931 1019 989; x_wconf 83' lang='lat' dir='ltr'>vice</span> <span class='ocrx_word' id='word_1_46' title='bbox 1042 948 1110 989; x_wconf 86' lang='lat' dir='ltr'>esse</span> 
     </span>
     <span class='ocr_line' id='line_1_8' title="bbox 191 1019 1110 1096; baseline -0.001 -17"><span class='ocrx_word' id='word_1_47' title='bbox 191 1026 221 1079; x_wconf 93' lang='lat' dir='ltr'>et</span> <span class='ocrx_word' id='word_1_48' title='bbox 247 1021 339 1080; x_wconf 90' lang='lat' dir='ltr'>satius</span> <span class='ocrx_word' id='word_1_49' title='bbox 363 1021 566 1096; x_wconf 89' lang='lat' dir='ltr'>valentiusque</span> <span class='ocrx_word' id='word_1_50' title='bbox 593 1021 726 1078; x_wconf 91' lang='lat' dir='ltr'>homines</span> <span class='ocrx_word' id='word_1_51' title='bbox 754 1020 880 1078; x_wconf 89' lang='lat' dir='ltr'>invicem</span> <span class='ocrx_word' id='word_1_52' title='bbox 902 1019 1110 1079; x_wconf 84' lang='lat' dir='ltr'>benevolentia</span> 
     </span>
     <span class='ocr_line' id='line_1_9' title="bbox 191 1109 923 1186; baseline 0 -18"><span class='ocrx_word' id='word_1_53' title='bbox 191 1129 280 1186; x_wconf 91' lang='lat' dir='ltr'>quam</span> <span class='ocrx_word' id='word_1_54' title='bbox 302 1110 405 1186; x_wconf 71' lang='lat' dir='ltr'>pactis</span> <span class='ocrx_word' id='word_1_55' title='bbox 429 1110 527 1168; x_wconf 90' lang='lat' dir='ltr'>animo</span> <span class='ocrx_word' id='word_1_56' title='bbox 551 1127 638 1185; x_wconf 90' lang='lat' dir='ltr'>qnam</span> <span class='ocrx_word' id='word_1_57' title='bbox 661 1109 759 1167; x_wconf 83' lang='lat' dir='ltr'>verbis</span> <span class='ocrx_word' id='word_1_58' title='bbox 782 1109 923 1168; x_wconf 90' lang='lat' dir='ltr'>connecti.</span> 
     </span>
    </p>
   </div>
   <div class='ocr_carea' id='block_1_3' title="bbox 502 1268 793 1328">
    <p class='ocr_par' dir='ltr' id='par_1_4' title="bbox 502 1268 793 1328">
     <span class='ocr_line' id='line_1_10' title="bbox 502 1268 793 1328; baseline -0.003 -1"><span class='ocrx_word' id='word_1_59' title='bbox 502 1269 552 1328; x_wconf 88' lang='lat' dir='ltr'>De</span> <span class='ocrx_word' id='word_1_60' title='bbox 575 1288 611 1327; x_wconf 92' lang='lat' dir='ltr'>re</span> <span class='ocrx_word' id='word_1_61' title='bbox 634 1268 793 1327; x_wconf 90' lang='lat' dir='ltr'>militari.</span> 
     </span>
    </p>
   </div>
   <div class='ocr_carea' id='block_1_4' title="bbox 147 1375 1110 1987">
    <p class='ocr_par' dir='ltr' id='par_1_5' title="bbox 147 1375 1110 1987">
     <span class='ocr_line' id='line_1_11' title="bbox 147 1375 1110 1452; baseline 0.002 -21"><span class='ocrx_word' id='word_1_62' title='bbox 147 1391 173 1431; x_wconf 86' lang='lat' dir='ltr'>ro</span> <span class='ocrx_word' id='word_1_63' title='bbox 258 1377 383 1450; x_wconf 88' lang='lat' dir='ltr'>Bellum,</span> <span class='ocrx_word' id='word_1_64' title='bbox 406 1377 517 1452; x_wconf 88' lang='lat' dir='ltr'>utpote</span> <span class='ocrx_word' id='word_1_65' title='bbox 531 1395 594 1435; x_wconf 91' lang='lat' dir='ltr'>rem</span> <span class='ocrx_word' id='word_1_66' title='bbox 609 1376 696 1452; x_wconf 88' lang='lat' dir='ltr'>plane</span> <span class='ocrx_word' id='word_1_67' title='bbox 714 1376 861 1434; x_wconf 84' lang='lat' dir='ltr'>beluinam</span> <span class='ocrx_word' id='word_1_68' title='bbox 874 1394 928 1434; x_wconf 92' lang='lat' dir='ltr'>nec</span> <span class='ocrx_word' id='word_1_69' title='bbox 942 1375 995 1433; x_wconf 92' lang='lat' dir='ltr'>ulli</span> <span class='ocrx_word' id='word_1_70' title='bbox 1009 1381 1110 1434; x_wconf 84' lang='lat' dir='ltr'>tamen</span> 
     </span>
     <span class='ocr_line' id='line_1_12' title="bbox 190 1464 1109 1540; baseline -0.001 -16"><span class='ocrx_word' id='word_1_71' title='bbox 190 1468 342 1525; x_wconf 90' lang='lat' dir='ltr'>beluarum</span> <span class='ocrx_word' id='word_1_72' title='bbox 369 1467 479 1524; x_wconf 81' lang='lat' dir='ltr'>formae</span> <span class='ocrx_word' id='word_1_73' title='bbox 507 1465 539 1523; x_wconf 94' lang='lat' dir='ltr'>in</span> <span class='ocrx_word' id='word_1_74' title='bbox 569 1471 629 1523; x_wconf 89' lang='lat' dir='ltr'>tam</span> <span class='ocrx_word' id='word_1_75' title='bbox 656 1465 774 1523; x_wconf 92' lang='lat' dir='ltr'>assiduo</span> <span class='ocrx_word' id='word_1_76' title='bbox 805 1470 894 1540; x_wconf 89' lang='lat' dir='ltr'>atque</span> <span class='ocrx_word' id='word_1_77' title='bbox 921 1464 1032 1522; x_wconf 91' lang='lat' dir='ltr'>homini</span> <span class='ocrx_word' id='word_1_78' title='bbox 1061 1469 1109 1523; x_wconf 90' lang='lat' dir='ltr'>est</span> 
     </span>
     <span class='ocr_line' id='line_1_13' title="bbox 190 1554 1107 1630; baseline -0.002 -18"><span class='ocrx_word' id='word_1_79' title='bbox 190 1573 255 1628; x_wconf 91' lang='lat' dir='ltr'>usn,</span> <span class='ocrx_word' id='word_1_80' title='bbox 266 1573 450 1630; x_wconf 85' lang='lat' dir='ltr'>summopere</span> <span class='ocrx_word' id='word_1_81' title='bbox 464 1554 668 1612; x_wconf 76' lang='lat' dir='ltr'>abominantur</span> <span class='ocrx_word' id='word_1_82' title='bbox 678 1559 836 1630; x_wconf 87' lang='lat' dir='ltr'>contraque</span> <span class='ocrx_word' id='word_1_83' title='bbox 849 1571 961 1611; x_wconf 91' lang='lat' dir='ltr'>morem</span> <span class='ocrx_word' id='word_1_84' title='bbox 971 1554 1107 1628; x_wconf 84' lang='lat' dir='ltr'>gentium</span> 
     </span>
     <span class='ocr_line' id='line_1_14' title="bbox 191 1643 1108 1718; baseline -0.002 -17"><span class='ocrx_word' id='word_1_85' title='bbox 191 1645 282 1703; x_wconf 86' lang='grc'><strong>111111</strong></span> <span class='ocrx_word' id='word_1_86' title='bbox 312 1644 442 1701; x_wconf 90' lang='lat' dir='ltr'>omnium</span> <span class='ocrx_word' id='word_1_87' title='bbox 472 1643 546 1701; x_wconf 91' lang='lat' dir='ltr'>nihil</span> <span class='ocrx_word' id='word_1_88' title='bbox 576 1661 668 1718; x_wconf 90' lang='lat' dir='ltr'>aeque</span> <span class='ocrx_word' id='word_1_89' title='bbox 695 1643 807 1701; x_wconf 81' lang='lat' dir='ltr'>ducrmt</span> <span class='ocrx_word' id='word_1_90' title='bbox 833 1643 991 1717; x_wconf 86' lang='lat' dir='ltr'>inglorium</span> <span class='ocrx_word' id='word_1_91' title='bbox 1018 1647 1108 1718; x_wconf 88' lang='lat' dir='ltr'>atque</span> 
     </span>
     <span class='ocr_line' id='line_1_15' title="bbox 190 1730 1107 1808; baseline -0.001 -18"><span class='ocrx_word' id='word_1_92' title='bbox 190 1733 311 1808; x_wconf 86' lang='lat' dir='ltr'>petitam</span> <span class='ocrx_word' id='word_1_93' title='bbox 330 1751 346 1790; x_wconf 94' lang='grc'>1</span> <span class='ocrx_word' id='word_1_94' title='bbox 362 1733 440 1791; x_wconf 89' lang='lat' dir='ltr'>bello</span> <span class='ocrx_word' id='word_1_95' title='bbox 463 1732 593 1807; x_wconf 81' lang='lat' dir='ltr'>gloriam.</span> <span class='ocrx_word' id='word_1_96' title='bbox 625 1732 733 1808; x_wconf 83' lang='lat' dir='ltr'>quue,</span> <span class='ocrx_word' id='word_1_97' title='bbox 756 1731 827 1790; x_wconf 90' lang='lat' dir='ltr'>licet</span> <span class='ocrx_word' id='word_1_98' title='bbox 849 1731 967 1790; x_wconf 86' lang='lat' dir='ltr'>assidue</span> <span class='ocrx_word' id='word_1_99' title='bbox 986 1730 1107 1789; x_wconf 87' lang='lat' dir='ltr'>militari</span> 
     </span>
     <span class='ocr_line' id='line_1_16' title="bbox 147 1819 1108 1897; baseline 0.003 -23"><span class='ocrx_word' id='word_1_100' title='bbox 147 1835 172 1874; x_wconf 82' lang='lat' dir='ltr'>rs</span> <span class='ocrx_word' id='word_1_101' title='bbox 192 1840 258 1880; x_wconf 90' lang='lat' dir='ltr'>sese</span> <span class='ocrx_word' id='word_1_102' title='bbox 287 1821 444 1896; x_wconf 89' lang='lat' dir='ltr'>disciplina</span> <span class='ocrx_word' id='word_1_103' title='bbox 472 1825 630 1879; x_wconf 85' lang='lat' dir='ltr'>exerceant</span> <span class='ocrx_word' id='word_1_104' title='bbox 658 1839 754 1897; x_wconf 91' lang='lat' dir='ltr'>neque</span> <span class='ocrx_word' id='word_1_105' title='bbox 780 1820 812 1878; x_wconf 94' lang='lat' dir='ltr'>id</span> <span class='ocrx_word' id='word_1_106' title='bbox 840 1820 895 1878; x_wconf 87' lang='lat' dir='ltr'>viri</span> <span class='ocrx_word' id='word_1_107' title='bbox 921 1820 1021 1893; x_wconf 91' lang='lat' dir='ltr'>modo,</span> <span class='ocrx_word' id='word_1_108' title='bbox 1053 1819 1108 1878; x_wconf 87' lang='lat' dir='ltr'>sed</span> 
     </span>
     <span class='ocr_line' id='line_1_17' title="bbox 189 1909 1108 1987; baseline -0.002 -19"><span class='ocrx_word' id='word_1_109' title='bbox 189 1910 314 1968; x_wconf 80' lang='lat' dir='ltr'>feminae</span> <span class='ocrx_word' id='word_1_110' title='bbox 337 1928 452 1987; x_wconf 89' lang='lat' dir='ltr'>quoque</span> <span class='ocrx_word' id='word_1_111' title='bbox 475 1910 559 1969; x_wconf 88' lang='lat' dir='ltr'>statis</span> <span class='ocrx_word' id='word_1_112' title='bbox 578 1909 691 1983; x_wconf 88' lang='lat' dir='ltr'>diebus,</span> <span class='ocrx_word' id='word_1_113' title='bbox 714 1928 752 1967; x_wconf 93' lang='grc'>11</span> <span class='ocrx_word' id='word_1_114' title='bbox 771 1909 808 1967; x_wconf 90' lang='lat' dir='ltr'>ad</span> <span class='ocrx_word' id='word_1_115' title='bbox 822 1909 933 1968; x_wconf 90' lang='lat' dir='ltr'>bellum</span> <span class='ocrx_word' id='word_1_116' title='bbox 948 1909 1014 1981; x_wconf 92' lang='lat' dir='ltr'>sint,</span> <span class='ocrx_word' id='word_1_117' title='bbox 1038 1927 1108 1967; x_wconf 91' lang='lat' dir='ltr'>cnm</span> 
     </span>
    </p>
   </div>
   <div class='ocr_carea' id='block_1_5' title="bbox 121 1999 1123 3588">
    <p class='ocr_par' dir='ltr' id='par_1_6' title="bbox 121 1999 1123 3588">
     <span class='ocr_line' id='line_1_18' title="bbox 190 1999 1107 2074; baseline -0.002 -17"><span class='ocrx_word' id='word_1_118' title='bbox 190 1999 289 2073; x_wconf 81' lang='lat' dir='ltr'>exigat</span> <span class='ocrx_word' id='word_1_119' title='bbox 311 2017 393 2073; x_wconf 90' lang='lat' dir='ltr'>usus,</span> <span class='ocrx_word' id='word_1_120' title='bbox 420 1999 578 2072; x_wconf 88' lang='lat' dir='ltr'>inhabiles,</span> <span class='ocrx_word' id='word_1_121' title='bbox 605 2016 664 2056; x_wconf 93' lang='lat' dir='ltr'>non</span> <span class='ocrx_word' id='word_1_122' title='bbox 686 2003 796 2056; x_wconf 90' lang='lat' dir='ltr'>temere</span> <span class='ocrx_word' id='word_1_123' title='bbox 819 2004 977 2074; x_wconf 86' lang='lat' dir='ltr'>capessunt</span> <span class='ocrx_word' id='word_1_124' title='bbox 998 2005 1107 2071; x_wconf 91' lang='lat' dir='ltr'>tamen,</span> 
     </span>
     <span class='ocr_line' id='line_1_19' title="bbox 190 2086 1123 2164; baseline -0.001 -18"><span class='ocrx_word' id='word_1_125' title='bbox 190 2088 248 2146; x_wconf 91' lang='lat' dir='ltr'>nisi</span> <span class='ocrx_word' id='word_1_126' title='bbox 271 2106 329 2164; x_wconf 92' lang='lat' dir='ltr'>qno</span> <span class='ocrx_word' id='word_1_127' title='bbox 352 2093 403 2146; x_wconf 88' lang='lat' dir='ltr'>aut</span> <span class='ocrx_word' id='word_1_128' title='bbox 426 2106 494 2146; x_wconf 87' lang='lat' dir='ltr'>suos</span> <span class='ocrx_word' id='word_1_129' title='bbox 517 2088 594 2145; x_wconf 82' lang='lat' dir='ltr'>fines</span> <span class='ocrx_word' id='word_1_130' title='bbox 617 2093 755 2146; x_wconf 89' lang='lat' dir='ltr'>tueantur</span> <span class='ocrx_word' id='word_1_131' title='bbox 777 2092 828 2146; x_wconf 90' lang='lat' dir='ltr'>aut</span> <span class='ocrx_word' id='word_1_132' title='bbox 843 2087 1005 2146; x_wconf 87' lang='lat' dir='ltr'>amicorum</span> <span class='ocrx_word' id='word_1_133' title='bbox 1019 2086 1123 2145; x_wconf 88' lang='lat' dir='ltr'>terris·</span> 
     </span>
     <span class='ocr_line' id='line_1_20' title="bbox 190 2175 1107 2252; baseline -0.002 -17"><span class='ocrx_word' id='word_1_134' title='bbox 190 2177 303 2235; x_wconf 81' lang='lat' dir='ltr'>infusos</span> <span class='ocrx_word' id='word_1_135' title='bbox 340 2178 440 2235; x_wconf 89' lang='lat' dir='ltr'>hostes</span> <span class='ocrx_word' id='word_1_136' title='bbox 477 2177 648 2252; x_wconf 88' lang='lat' dir='ltr'>propulsent</span> <span class='ocrx_word' id='word_1_137' title='bbox 679 2182 731 2234; x_wconf 89' lang='lat' dir='ltr'>aut</span> <span class='ocrx_word' id='word_1_138' title='bbox 761 2177 905 2252; x_wconf 89' lang='lat' dir='ltr'>populum</span> <span class='ocrx_word' id='word_1_139' title='bbox 937 2175 1107 2252; x_wconf 89' lang='lat' dir='ltr'>quempiam</span> 
     </span>
     <span class='ocr_line' id='line_1_21' title="bbox 145 2264 1108 2342; baseline 0.003 -23"><span class='ocrx_word' id='word_1_140' title='bbox 145 2277 173 2319; x_wconf 86' lang='lat'>20</span> <span class='ocrx_word' id='word_1_141' title='bbox 190 2266 346 2339; x_wconf 87' lang='lat' dir='ltr'>tyrannide</span> <span class='ocrx_word' id='word_1_142' title='bbox 369 2284 506 2342; x_wconf 90' lang='lat' dir='ltr'>pressum</span> <span class='ocrx_word' id='word_1_143' title='bbox 529 2265 658 2324; x_wconf 89' lang='lat' dir='ltr'>miserati</span> <span class='ocrx_word' id='word_1_144' title='bbox 687 2265 776 2342; x_wconf 87' lang='lat' dir='ltr'>(quod</span> <span class='ocrx_word' id='word_1_145' title='bbox 799 2265 989 2324; x_wconf 86' lang='lat' dir='ltr'>humanitatis</span> <span class='ocrx_word' id='word_1_146' title='bbox 1012 2264 1108 2340; x_wconf 85' lang='lat' dir='ltr'>gratia</span> 
     </span>
     <span class='ocr_line' id='line_1_22' title="bbox 190 2354 1106 2431; baseline -0.001 -19"><span class='ocrx_word' id='word_1_147' title='bbox 190 2355 312 2431; x_wconf 81' lang='lat' dir='ltr'>faciunt)</span> <span class='ocrx_word' id='word_1_148' title='bbox 335 2355 397 2413; x_wconf 89' lang='lat' dir='ltr'>suis</span> <span class='ocrx_word' id='word_1_149' title='bbox 415 2355 528 2413; x_wconf 87' lang='lat' dir='ltr'>viribus</span> <span class='ocrx_word' id='word_1_150' title='bbox 550 2355 669 2428; x_wconf 84' lang='lat' dir='ltr'>tyranni</span> <span class='ocrx_word' id='word_1_151' title='bbox 690 2355 759 2429; x_wconf 82' lang='lat' dir='ltr'>iugo</span> <span class='ocrx_word' id='word_1_152' title='bbox 773 2359 803 2413; x_wconf 92' lang='lat' dir='ltr'>et</span> <span class='ocrx_word' id='word_1_153' title='bbox 817 2354 957 2413; x_wconf 84' lang='lat' dir='ltr'>servitute</span> <span class='ocrx_word' id='word_1_154' title='bbox 970 2354 1106 2412; x_wconf 89' lang='lat' dir='ltr'>liberent.</span> 
     </span>
     <span class='ocr_line' id='line_1_23' title="bbox 191 2443 1109 2520; baseline -0.003 -17"><span class='ocrx_word' id='word_1_155' title='bbox 191 2443 374 2520; x_wconf 78' lang='lat' dir='ltr'>Quamquam</span> <span class='ocrx_word' id='word_1_156' title='bbox 396 2444 541 2502; x_wconf 85' lang='lat' dir='ltr'>auxilium</span> <span class='ocrx_word' id='word_1_157' title='bbox 563 2444 765 2518; x_wconf 81' lang='lat' dir='ltr'>gratificantur</span> <span class='ocrx_word' id='word_1_158' title='bbox 786 2443 890 2502; x_wconf 91' lang='lat' dir='ltr'>amicis</span> <span class='ocrx_word' id='word_1_159' title='bbox 912 2461 969 2501; x_wconf 92' lang='lat' dir='ltr'>non</span> <span class='ocrx_word' id='word_1_160' title='bbox 989 2461 1109 2518; x_wconf 88' lang='lat' dir='ltr'>semper</span> 
     </span>
     <span class='ocr_line' id='line_1_24' title="bbox 180 2531 1107 2609; baseline 0.001 -20"><span class='ocrx_word' id='word_1_161' title='bbox 180 2533 319 2609; x_wconf 87' lang='lat' dir='ltr'>quidem,</span> <span class='ocrx_word' id='word_1_162' title='bbox 334 2551 392 2609; x_wconf 91' lang='lat' dir='ltr'>qno</span> <span class='ocrx_word' id='word_1_163' title='bbox 407 2551 439 2590; x_wconf 97' lang='grc'>11</span> <span class='ocrx_word' id='word_1_164' title='bbox 453 2532 621 2605; x_wconf 82' lang='lat' dir='ltr'>defendant,</span> <span class='ocrx_word' id='word_1_165' title='bbox 637 2533 689 2590; x_wconf 89' lang='lat' dir='ltr'>sed</span> <span class='ocrx_word' id='word_1_166' title='bbox 703 2533 853 2590; x_wconf 89' lang='lat' dir='ltr'>interdum</span> <span class='ocrx_word' id='word_1_167' title='bbox 869 2550 985 2608; x_wconf 90' lang='lat' dir='ltr'>quoqne</span> <span class='ocrx_word' id='word_1_168' title='bbox 999 2531 1107 2590; x_wconf 88' lang='lat' dir='ltr'>inlatas</span> 
     </span>
     <span class='ocr_line' id='line_1_25' title="bbox 190 2621 1109 2697; baseline 0.001 -19"><span class='ocrx_word' id='word_1_169' title='bbox 190 2621 326 2680; x_wconf 86' lang='lat' dir='ltr'>retalient</span> <span class='ocrx_word' id='word_1_170' title='bbox 355 2626 444 2697; x_wconf 89' lang='lat' dir='ltr'>atque</span> <span class='ocrx_word' id='word_1_171' title='bbox 475 2621 655 2679; x_wconf 83' lang='lat' dir='ltr'>ulciscantur</span> <span class='ocrx_word' id='word_1_172' title='bbox 688 2621 818 2679; x_wconf 90' lang='lat' dir='ltr'>iniurias.</span> <span class='ocrx_word' id='word_1_173' title='bbox 864 2621 978 2679; x_wconf 86' lang='lat' dir='ltr'>Verum</span> <span class='ocrx_word' id='word_1_174' title='bbox 1004 2621 1036 2678; x_wconf 90' lang='lat' dir='ltr'>id</span> <span class='ocrx_word' id='word_1_175' title='bbox 1065 2621 1109 2679; x_wconf 87' lang='lat' dir='ltr'>ita</span> 
     </span>
     <span class='ocr_line' id='line_1_26' title="bbox 146 2709 1108 2785; baseline 0.003 -22"><span class='ocrx_word' id='word_1_176' title='bbox 146 2722 173 2763; x_wconf 82' lang='lat' dir='ltr'>as</span> <span class='ocrx_word' id='word_1_177' title='bbox 191 2711 310 2768; x_wconf 84' lang='lat' dir='ltr'>demmn</span> <span class='ocrx_word' id='word_1_178' title='bbox 332 2710 452 2783; x_wconf 83' lang='lat' dir='ltr'>faciunt,</span> <span class='ocrx_word' id='word_1_179' title='bbox 478 2710 504 2768; x_wconf 91' lang='lat' dir='ltr'>si</span> <span class='ocrx_word' id='word_1_180' title='bbox 526 2728 557 2768; x_wconf 92' lang='lat' dir='ltr'>re</span> <span class='ocrx_word' id='word_1_181' title='bbox 580 2710 678 2768; x_wconf 90' lang='lat' dir='ltr'>adhuc</span> <span class='ocrx_word' id='word_1_182' title='bbox 699 2710 815 2785; x_wconf 80' lang='lat' dir='ltr'>integra</span> <span class='ocrx_word' id='word_1_183' title='bbox 838 2710 1027 2768; x_wconf 88' lang='lat' dir='ltr'>consulantur</span> <span class='ocrx_word' id='word_1_184' title='bbox 1048 2709 1108 2785; x_wconf 91' lang='lat' dir='ltr'>ipsi</span> 
     </span>
     <span class='ocr_line' id='line_1_27' title="bbox 191 2798 1107 2874; baseline -0.001 -17"><span class='ocrx_word' id='word_1_185' title='bbox 191 2803 222 2857; x_wconf 90' lang='lat' dir='ltr'>et</span> <span class='ocrx_word' id='word_1_186' title='bbox 243 2801 363 2874; x_wconf 89' lang='lat' dir='ltr'>probata</span> <span class='ocrx_word' id='word_1_187' title='bbox 386 2817 474 2858; x_wconf 89' lang='lat' dir='ltr'>causa</span> <span class='ocrx_word' id='word_1_188' title='bbox 496 2799 629 2874; x_wconf 88' lang='lat' dir='ltr'>repetitis</span> <span class='ocrx_word' id='word_1_189' title='bbox 651 2817 687 2857; x_wconf 88' lang='lat' dir='ltr'>ac</span> <span class='ocrx_word' id='word_1_190' title='bbox 709 2817 767 2857; x_wconf 92' lang='lat' dir='ltr'>non</span> <span class='ocrx_word' id='word_1_191' title='bbox 790 2799 913 2858; x_wconf 89' lang='lat' dir='ltr'>redditis</span> <span class='ocrx_word' id='word_1_192' title='bbox 934 2799 1023 2858; x_wconf 87' lang='lat' dir='ltr'>rebus</span> <span class='ocrx_word' id='word_1_193' title='bbox 1038 2798 1107 2857; x_wconf 91' lang='lat' dir='ltr'>belli</span> 
     </span>
     <span class='ocr_line' id='line_1_28' title="bbox 191 2887 1107 2964; baseline -0.002 -18"><span class='ocrx_word' id='word_1_194' title='bbox 191 2896 326 2946; x_wconf 90' lang='lat' dir='ltr'>auctores</span> <span class='ocrx_word' id='word_1_195' title='bbox 347 2888 493 2947; x_wconf 81' lang='lat' dir='ltr'>inferendi</span> <span class='ocrx_word' id='word_1_196' title='bbox 517 2888 589 2964; x_wconf 75' lang='lat' dir='ltr'>sint,</span> <span class='ocrx_word' id='word_1_197' title='bbox 613 2887 692 2963; x_wconf 92' lang='lat' dir='ltr'>quod</span> <span class='ocrx_word' id='word_1_198' title='bbox 714 2906 773 2946; x_wconf 92' lang='lat' dir='ltr'>non</span> <span class='ocrx_word' id='word_1_199' title='bbox 796 2894 867 2946; x_wconf 90' lang='lat' dir='ltr'>tunc</span> <span class='ocrx_word' id='word_1_200' title='bbox 891 2889 986 2946; x_wconf 88' lang='lat' dir='ltr'>solum</span> <span class='ocrx_word' id='word_1_201' title='bbox 1005 2887 1107 2946; x_wconf 91' lang='lat' dir='ltr'>decer·</span> 
     </span>
     <span class='ocr_line' id='line_1_29' title="bbox 191 2977 1108 3053; baseline 0.001 -20"><span class='ocrx_word' id='word_1_202' title='bbox 191 2983 273 3050; x_wconf 89' lang='lat' dir='ltr'>nunt,</span> <span class='ocrx_word' id='word_1_203' title='bbox 292 2977 427 3053; x_wconf 91' lang='lat' dir='ltr'>quotiens</span> <span class='ocrx_word' id='word_1_204' title='bbox 443 2977 541 3035; x_wconf 88' lang='lat' dir='ltr'>hostili</span> <span class='ocrx_word' id='word_1_205' title='bbox 557 2977 678 3034; x_wconf 89' lang='lat' dir='ltr'>incursu</span> <span class='ocrx_word' id='word_1_206' title='bbox 692 2978 793 3035; x_wconf 89' lang='lat' dir='ltr'>abacta</span> <span class='ocrx_word' id='word_1_207' title='bbox 811 2983 856 3035; x_wconf 88' lang='lat' dir='ltr'>est</span> <span class='ocrx_word' id='word_1_208' title='bbox 869 2977 985 3053; x_wconf 86' lang='lat' dir='ltr'>praeda,</span> <span class='ocrx_word' id='word_1_209' title='bbox 1003 2994 1108 3034; x_wconf 82' lang='lat' dir='ltr'>rernm</span> 
     </span>
     <span class='ocr_line' id='line_1_30' title="bbox 148 3065 1108 3142; baseline 0.002 -20"><span class='ocrx_word' id='word_1_210' title='bbox 148 3099 150 3103; x_wconf 32' lang='grc' dir='ltr'><em>ν</em></span> <span class='ocrx_word' id='word_1_211' title='bbox 191 3071 254 3123; x_wconf 91' lang='lat' dir='ltr'>tum</span> <span class='ocrx_word' id='word_1_212' title='bbox 278 3084 394 3142; x_wconf 90' lang='lat' dir='ltr'>quoque</span> <span class='ocrx_word' id='word_1_213' title='bbox 417 3066 509 3124; x_wconf 90' lang='lat' dir='ltr'>multo</span> <span class='ocrx_word' id='word_1_214' title='bbox 532 3065 676 3135; x_wconf 82' lang='lat' dir='ltr'>infestius,</span> <span class='ocrx_word' id='word_1_215' title='bbox 700 3084 768 3124; x_wconf 91' lang='lat' dir='ltr'>cum</span> <span class='ocrx_word' id='word_1_216' title='bbox 791 3084 891 3124; x_wconf 91' lang='lat' dir='ltr'>eornm</span> <span class='ocrx_word' id='word_1_217' title='bbox 911 3065 1108 3141; x_wconf 85' lang='lat' dir='ltr'>negotiatores</span> 
     </span>
     <span class='ocr_line' id='line_1_31' title="bbox 146 3154 1108 3231; baseline 0.005 -24"><span class='ocrx_word' id='word_1_218' title='bbox 146 3167 173 3207; x_wconf 84' lang='lat' dir='ltr'>ao</span> <span class='ocrx_word' id='word_1_219' title='bbox 191 3172 317 3230; x_wconf 90' lang='lat' dir='ltr'>usquam</span> <span class='ocrx_word' id='word_1_220' title='bbox 339 3155 473 3230; x_wconf 86' lang='lat' dir='ltr'>gentium</span> <span class='ocrx_word' id='word_1_221' title='bbox 496 3156 544 3213; x_wconf 80' lang='lat' dir='ltr'>uel</span> <span class='ocrx_word' id='word_1_222' title='bbox 571 3154 736 3231; x_wconf 89' lang='lat' dir='ltr'>iniquarum</span> <span class='ocrx_word' id='word_1_223' title='bbox 759 3160 914 3230; x_wconf 81' lang='lat' dir='ltr'>praetextu</span> <span class='ocrx_word' id='word_1_224' title='bbox 936 3154 1036 3230; x_wconf 86' lang='lat' dir='ltr'>legum</span> <span class='ocrx_word' id='word_1_225' title='bbox 1059 3154 1108 3212; x_wconf 89' lang='lat' dir='ltr'>vel</span> 
     </span>
     <span class='ocr_line' id='line_1_32' title="bbox 192 3242 1108 3302; baseline 0.001 -1"><span class='ocrx_word' id='word_1_226' title='bbox 192 3243 311 3302; x_wconf 90' lang='lat' dir='ltr'>sinistra</span> <span class='ocrx_word' id='word_1_227' title='bbox 323 3243 507 3302; x_wconf 60' lang='lat' dir='ltr'>‘derivatione</span> <span class='ocrx_word' id='word_1_228' title='bbox 521 3245 662 3302; x_wconf 90' lang='lat' dir='ltr'>bonarum</span> <span class='ocrx_word' id='word_1_229' title='bbox 679 3243 817 3302; x_wconf 85' lang='lat' dir='ltr'>iniustam</span> <span class='ocrx_word' id='word_1_230' title='bbox 836 3244 963 3302; x_wconf 91' lang='lat' dir='ltr'>subeunt</span> <span class='ocrx_word' id='word_1_231' title='bbox 975 3242 1108 3302; x_wconf 85' lang='lat' dir='ltr'>iustitiae</span> 
     </span>
     <span class='ocr_line' id='line_1_33' title="bbox 192 3331 1109 3406; baseline 0.001 -16"><span class='ocrx_word' id='word_1_232' title='bbox 192 3333 289 3391; x_wconf 91' lang='lat' dir='ltr'>colore</span> <span class='ocrx_word' id='word_1_233' title='bbox 321 3332 504 3391; x_wconf 88' lang='lat' dir='ltr'>calumniam.</span> <span class='ocrx_word' id='word_1_234' title='bbox 560 3332 622 3391; x_wconf 91' lang='lat' dir='ltr'>Nec</span> <span class='ocrx_word' id='word_1_235' title='bbox 652 3333 710 3391; x_wconf 87' lang='lat' dir='ltr'>alia</span> <span class='ocrx_word' id='word_1_236' title='bbox 741 3333 798 3390; x_wconf 83' lang='lat' dir='ltr'>fuit</span> <span class='ocrx_word' id='word_1_237' title='bbox 829 3332 893 3390; x_wconf 92' lang='lat' dir='ltr'>eius</span> <span class='ocrx_word' id='word_1_238' title='bbox 921 3332 1001 3406; x_wconf 80' lang='lat' dir='ltr'>origo</span> <span class='ocrx_word' id='word_1_239' title='bbox 1029 3331 1109 3405; x_wconf 87' lang='lat' dir='ltr'>belli,</span> 
     </span>
     <span class='ocr_line' id='line_1_34' title="bbox 191 3421 1109 3498; baseline 0.001 -19"><span class='ocrx_word' id='word_1_240' title='bbox 191 3421 270 3497; x_wconf 91' lang='lat' dir='ltr'>quod</span> <span class='ocrx_word' id='word_1_241' title='bbox 301 3440 354 3497; x_wconf 92' lang='lat' dir='ltr'>pro</span> <span class='ocrx_word' id='word_1_242' title='bbox 385 3421 596 3497; x_wconf 85' lang='lat' dir='ltr'>Nephelogetis</span> <span class='ocrx_word' id='word_1_243' title='bbox 633 3422 774 3480; x_wconf 86' lang='lat' dir='ltr'>adversus</span> <span class='ocrx_word' id='word_1_244' title='bbox 807 3421 986 3498; x_wconf 82' lang='lat' dir='ltr'>Alaopolitas</span> <span class='ocrx_word' id='word_1_245' title='bbox 1018 3421 1109 3498; x_wconf 88' lang='lat' dir='ltr'>paulo</span> 
     </span>
     <span class='ocr_line' id='line_1_35' title="bbox 121 3510 1109 3588; baseline 0.007 -25"><span class='ocrx_word' id='word_1_246' title='bbox 121 3559 123 3563; x_wconf 81' lang='grc'>,</span> <span class='ocrx_word' id='word_1_247' title='bbox 191 3518 259 3569; x_wconf 90' lang='lat' dir='ltr'>ante</span> <span class='ocrx_word' id='word_1_248' title='bbox 291 3517 421 3569; x_wconf 86' lang='lat' dir='ltr'>nostram</span> <span class='ocrx_word' id='word_1_249' title='bbox 453 3510 623 3568; x_wconf 91' lang='lat' dir='ltr'>memoriam</span> <span class='ocrx_word' id='word_1_250' title='bbox 647 3510 822 3586; x_wconf 83' lang='lat' dir='ltr'>Vtopienses</span> <span class='ocrx_word' id='word_1_251' title='bbox 853 3527 985 3586; x_wconf 84' lang='lat' dir='ltr'>gessere,</span> <span class='ocrx_word' id='word_1_252' title='bbox 1018 3528 1109 3588; x_wconf 88' lang='lat' dir='ltr'>quam</span> 
     </span>
    </p>
   </div>
   <div class='ocr_carea' id='block_1_6' title="bbox 0 0 1260 4020">
    <p class='ocr_par' dir='ltr' id='par_1_7' title="bbox 0 0 1260 4020">
     <span class='ocr_line' id='line_1_36' title="bbox 0 0 1260 4020; baseline 0 0"><span class='ocrx_word' id='word_1_253' title='bbox 0 0 1260 4020; x_wconf 95' lang='lat' dir='ltr'> </span> 
     </span>
    </p>
   </div>
  </div>
 </body>
</html>
