2512 4020
434 332 538 388 ucavs,
561 332 675 373 vrorra.
994 317 1033 374 67

118 510 200 569 arius
223 528 290 568 cum
304 510 516 586 Vtopiensibus
539 509 684 569 conlocuti
706 529 801 569 mores
824 528 926 570 eorum
946 515 1035 587 atque

120 598 273 674 opiniones
296 599 438 658 didicere:
467 599 610 657 mirantur
632 599 677 657 illi
700 599 847 676 siquidem
869 618 1036 676 quenquam

120 705 189 746 esse
216 688 391 761 mortalium,
419 706 508 764 quem
531 688 656 763 exiguae
678 689 846 763 gemmulae
869 694 920 747 aut
943 688 1035 764 lapilli

120 777 229 835 dubius
257 778 383 836 oblectet
409 777 519 851 fulgor,
548 777 597 835 cui
624 777 744 853 quidem
769 777 885 836 stellam
907 777 1036 854 aliquam

85 871 209 942 satque
230 865 330 942 ipsum
352 866 478 942 denique
502 867 594 924 solem
616 865 703 924 liceat
724 866 841 940 intueri,
871 871 923 925 aut
946 885 1036 943 quen·

120 973 210 1031 quam
239 961 300 1013 tam
329 955 467 1014 insanum
497 973 575 1029 esse,
609 960 642 1012 ut
671 955 793 1014 nobilior
822 956 887 1031 ipse
917 956 973 1014 sibi
1000 957 1036 1014 ob

119 1044 263 1102 tenuioris
286 1044 368 1103 lanae
390 1045 475 1102 filum
490 1045 631 1118 videatur,
655 1044 678 1102 si
699 1043 817 1121 quidem
835 1045 911 1103 hanc
932 1045 1036 1120 ipsam,

120 1133 309 1208 quantumvis
344 1133 426 1192 tenui
456 1133 507 1191 filo
538 1133 588 1206 sit,
625 1134 689 1191 ovis
721 1133 791 1191 olim
822 1133 950 1208 gestavit
980 1151 1037 1191 nec

120 1221 202 1280 alind
230 1228 328 1281 tamen
354 1222 471 1281 interim
499 1241 588 1298 quam
611 1222 673 1280 oris
696 1222 766 1298 fuit3
796 1223 940 1280 mirantur
966 1222 1037 1281 item

71 1323 102 1365 10
120 1329 226 1369 aurum
248 1316 351 1387 suapte
369 1316 473 1369 natura
491 1316 552 1369 tam
565 1311 669 1369 inutile
688 1329 767 1369 nunc
779 1311 889 1388 ubique
903 1311 1037 1386 gentium

120 1400 272 1458 aestimari
294 1401 377 1474 tanti,
401 1406 433 1458 ut
456 1400 543 1458 homo
567 1401 640 1476 ipse,
663 1419 718 1475 per
741 1418 829 1476 quem
852 1405 940 1476 atque
962 1400 1036 1458 adeo

120 1489 153 1546 in
184 1489 269 1548 cuius
301 1508 388 1547 usum
422 1489 453 1546 id
489 1489 576 1564 pretii
612 1489 751 1562 obtinuit,
786 1489 907 1547 minoris
944 1490 1037 1548 multo

121 1596 210 1654 quam
233 1597 337 1637 aurum
360 1578 459 1655 ipsum
478 1578 650 1637 aestimetur
672 1596 767 1654 usque
785 1578 865 1651 ade0,
889 1583 923 1636 ut
941 1579 1037 1654 plum·

121 1668 194 1726 bens
226 1667 372 1744 quispiam
404 1672 434 1726 et
463 1667 511 1725 cui
542 1685 601 1725 non
632 1667 701 1742 plus
733 1667 845 1742 ingenii
878 1667 916 1725 sit
948 1685 1037 1743 quam

70 1768 102 1810 15
122 1756 216 1832 stipiti
239 1774 293 1815 neo
311 1757 409 1815 minus
428 1756 516 1816 etiam
532 1755 684 1832 improbus
698 1774 786 1832 quam
805 1757 914 1815 stulms
929 1756 1037 1814 multos

70 1856 134 1912 [hjb]
148 1850 247 1903 tamen
261 1851 291 1904 et
305 1864 350 1905 sa·
363 1839 366 1928 l
378 1846 493 1922 pientes
506 1851 536 1904 et
546 1846 636 1903 bonos
646 1845 725 1903 viros
733 1844 765 1902 in
775 1845 918 1903 servitute
934 1845 1038 1903 habeat

121 1935 158 1992 ob
185 1934 217 1992 id
244 1935 405 2009 dumtaxat,
436 1934 515 2010 quod
538 1935 566 1992 ei
588 1952 714 2010 magnus
737 1934 860 2010 contigit
881 1951 1037 1992 aureorum

121 2022 333 2082 numismatum
356 2024 509 2082 cumulus:
534 2041 623 2099 quem
647 2024 672 2081 si
695 2041 753 2100 qua
775 2024 892 2082 fortuna
914 2027 965 2081 aut
985 2023 1038 2080 ali-

121 2130 180 2190 qua
203 2112 302 2187 legum
327 2114 458 2188 stropha,
487 2131 562 2188 quae
590 2112 663 2170 nihil
689 2112 788 2169 minus
811 2131 899 2188 quam
921 2113 1038 2170 fortuna

70 2214 102 2257 20
120 2201 187 2278 ipsa
210 2202 333 2261 summis
355 2202 413 2260 ima
436 2201 603 2278 permiscet,
627 2203 662 2260 ab
685 2201 755 2259 hero
779 2201 829 2260 illc
852 2201 889 2258 ad
905 2201 1038 2259 abiectis·

123 2291 231 2349 simum
263 2292 353 2349 totius
384 2290 512 2349 familiae
543 2308 612 2349 suae
641 2290 816 2348 nebulonem
847 2290 1038 2363 transtulerit,

121 2380 158 2438 fit
180 2379 317 2438 nimirum
340 2380 524 2456 paulopost,
553 2385 585 2438 ut
608 2379 639 2436 in
660 2379 764 2437 famuli
787 2379 834 2437 sui
855 2379 1038 2437 famulicium

121 2468 262 2528 concedat
270 2468 504 2545 velutappendix
514 2468 804 2544 additamentumque
814 2468 1037 2542 numismatmn3

121 2562 253 2617 ceterum
275 2559 368 2617 multo
391 2558 487 2632 magis
510 2575 612 2616 eorum
634 2557 779 2615 mirantur
800 2575 836 2615 ao
854 2557 1039 2616 detestantur

72 2660 102 2702 aa
122 2646 279 2720 insaniam,
314 2647 364 2723 qui
392 2646 531 2705 diuitibus
562 2646 634 2719 illis,
667 2647 774 2723 quibus
803 2664 900 2734 neque
929 2645 1038 2704 debent

122 2735 280 2812 quicquam
311 2754 408 2812 neque
441 2741 510 2794 sunt
542 2735 668 2808 obnoxii,
700 2735 781 2793 nullo
808 2735 865 2794 alio
892 2740 1037 2810 respectu,

122 2843 212 2902 quam
235 2825 312 2902 quod
336 2825 442 2883 divites
466 2831 542 2898 sunt,
566 2825 691 2883 honores
714 2830 829 2882 tantum
852 2842 909 2882 non
923 2823 1038 2882 diuinos

121 2914 304 2989 impendunt,
327 2914 416 2990 idque
440 2932 507 2971 cum
531 2932 581 2972 ecs
604 2920 664 2971 tam
686 2913 819 2972 sordidos
835 2918 923 2989 atque
936 2931 1038 2971 avaros

123 3008 317 3078 cognoscunt,
346 3008 379 3061 ut
406 3004 531 3061 habeant
554 3008 634 3060 certo
657 3002 767 3060 certius
790 3007 931 3060 extento
954 3020 1039 3060 nurn-

75 3104 104 3148 ao
123 3110 240 3150 morum
262 3092 380 3150 cumulo
401 3091 567 3150 viventibus
590 3091 650 3150 illis
664 3110 702 3149 ne
717 3109 809 3149 unum
823 3091 941 3167 quidem
955 3109 1039 3148 num-

122 3181 238 3239 mulum
260 3199 389 3258 unquam
412 3181 449 3239 ad
473 3199 505 3239 se
527 3185 692 3238 venturum.

190 3269 253 3328 Has
275 3276 362 3346 atque
391 3269 560 3328 huiusmodi
588 3269 737 3346 opiniones
764 3267 871 3344 partim
900 3287 938 3326 ex
968 3269 1041 3327 edu.

122 3358 237 3418 catione
261 3364 456 3435 conceperunt
485 3359 515 3416 in
546 3377 580 3416 ea
609 3358 707 3417 educti
736 3375 768 3416 re
795 3357 924 3433 publica,
954 3357 1039 3415 cuius

122 3447 256 3506 instituta
278 3447 448 3523 longissime
471 3449 507 3506 ab
526 3447 573 3505 his
592 3447 733 3505 stidtitiae
752 3446 906 3521 generibus
924 3447 1039 3519 absunt,

64 3546 106 3608 ,aa
124 3537 231 3614 partim
253 3555 292 3596 ex
315 3537 447 3597 doctrina
469 3542 499 3595 et
521 3537 634 3596 litteris
676 3536 753 3595 Nam
775 3536 830 3594 etsi
854 3535 933 3593 haud
953 3535 1040 3594 multi

851 3636 884 3688 ffb*
