2512 4020
151 299 191 358 18
513 315 616 371 noavs,
640 315 754 358 vrorm.

192 494 390 552 Romanorum
420 500 450 552 et
482 493 766 568 Carthaginiensium
801 511 837 552 ae
868 492 1012 568 Syrorum
1047 499 1112 553 tum

192 583 351 641 multarum
365 582 497 656 gentium
510 583 646 658 exempla
659 582 815 656 declarant,
839 600 965 660 quorum
980 583 1111 642 omnium

192 689 251 730 non
279 671 436 747 imperium
465 672 551 730 modo
581 671 634 730 sed
663 689 748 746 agros
776 689 893 748 quoque
923 676 1011 749 atque
1038 672 1111 731 adeo

193 761 280 819 urbes
301 760 382 836 ipsas
404 760 497 836 parati
523 759 655 836 ipsorum
678 760 825 819 exercitus
847 760 914 818 aliis
935 766 1024 837 atque
1046 760 1111 820 aliis

160 849 393 908 toccasionibus
422 855 602 926 everterunt3
635 867 723 926 quam
750 867 819 908 vero
848 866 906 908 non
933 867 1111 926 magnopere

191 937 398 1012 necessarium,
421 937 468 997 vel
491 938 560 997 hinc
578 938 726 1010 elucescit,
745 938 822 1014 quod
845 956 883 997 ne
897 936 975 997 Galli
991 938 1110 1014 quidem

192 1027 301 1086 milites
314 1027 403 1085 armis
417 1028 454 1085 ab
468 1027 634 1102 unguiculis
648 1027 887 1086 exercitatissimi
901 1045 970 1086 cum
983 1027 1111 1086 evocatis

192 1116 351 1193 comparati
366 1116 473 1175 vestris
495 1116 653 1175 admodum
668 1133 755 1192 saepe
770 1115 932 1192 gloriantur
946 1115 1111 1192 superiores

193 1222 258 1264 sese
272 1205 453 1279 discessisse,
467 1211 501 1264 ut
513 1223 550 1264 ne
565 1205 636 1282 quid
649 1205 745 1264 dicam
757 1204 891 1281 amplius,
901 1222 940 1264 ne
951 1205 1110 1281 praesenti-

148 1306 175 1347 10
193 1295 248 1353 bus
272 1294 372 1352 videar
398 1293 560 1353 adblandiri
582 1294 673 1353 vobis.
718 1293 778 1353 Sed
804 1311 859 1352 nec
881 1293 972 1352 vestri
998 1293 1043 1352 illi
1064 1294 1111 1354 vel

193 1383 312 1459 opifices
345 1382 436 1441 urbici
467 1385 515 1442 vel
551 1384 640 1441 rudes
675 1389 763 1460 atque
798 1387 930 1458 agrestes
966 1382 1111 1458 agricolae

192 1472 301 1531 otiosos
315 1489 523 1546 generosorum
537 1472 690 1548 stipatores
703 1471 864 1530 creduntur
875 1471 961 1530 valde
974 1471 1111 1548 pertime-

192 1579 273 1620 scere
303 1561 360 1619 nisi
389 1566 440 1619 aut
466 1562 510 1636 hi,
541 1561 648 1637 quibus
678 1561 715 1620 ad
739 1560 816 1619 vires
843 1566 931 1636 atque
958 1560 1110 1619 audaciam

192 1667 298 1726 corpus
322 1650 442 1725 contigit
463 1650 592 1726 ineptius
614 1656 666 1709 aut
688 1668 813 1726 quorum
836 1649 928 1708 animi
947 1649 993 1708 vis
1013 1649 1110 1726 inopia

148 1751 174 1793 10
193 1739 235 1797 101
257 1739 408 1797 familiaris
430 1739 610 1814 infringitur:
634 1739 706 1798 adeo
729 1737 893 1815 periculum
915 1737 1033 1796 nullum
1056 1743 1109 1812 est,

148 1839 199 1892 [eju]
222 1845 259 1886 ne
282 1845 406 1904 quorum
427 1828 524 1886 valida
546 1834 576 1887 et
599 1828 717 1887 robusta
739 1845 860 1904 corpora
880 1824 884 1907 Ι
904 1828 1013 1904 (neque
1031 1827 1108 1886 enim

192 1916 250 1975 nisi
274 1916 396 1975 selectos
419 1917 578 1991 dignantur
595 1917 731 1993 generosi
748 1915 943 1992 corrumpere)
966 1934 1046 1975 nunc
1062 1917 1110 1976 vel

192 2005 403 2080 elanguescunt
416 2006 474 2064 otio
487 2006 535 2065 vel
548 2006 674 2082 negotiis
688 2023 780 2082 prope
793 2004 984 2064 muliebribus
998 2005 1109 2064 emolli-

192 2100 295 2168 untur,
327 2093 416 2153 iidem
449 2095 532 2153 bonis
568 2095 680 2154 artibus
717 2093 855 2154 instructi
889 2094 927 2152 ad
959 2093 1051 2153 vitam
1080 2100 1110 2154 et

147 2195 174 2237 ao
193 2183 325 2242 virilibus
366 2184 518 2243 exercitati
558 2184 706 2243 laboribus
747 2183 959 2243 effeminentur.
1015 2182 1108 2256 Certe,

191 2278 351 2349 utcumque
374 2290 439 2331 sese
456 2274 529 2332 haec
546 2273 635 2332 habet
656 2291 713 2346 res,
736 2272 810 2331 illud
832 2271 906 2330 milri
923 2289 1109 2350 nequaquam

191 2361 308 2420 videtur
344 2362 477 2437 publicae
509 2362 552 2420 rei
584 2361 763 2421 conducere:
801 2361 832 2418 in
863 2365 1001 2420 eventum
1033 2360 1108 2433 belli,

192 2450 269 2526 quod
293 2468 443 2527 nunquam
465 2451 588 2524 habetis,
610 2450 668 2510 nisi
686 2469 754 2509 cum
767 2450 866 2523 vultis,
888 2449 1033 2508 infinitam
1046 2449 1109 2509 eius

191 2539 309 2613 generis
331 2540 447 2597 turbam
465 2541 551 2614 alere,
575 2539 653 2617 quod
665 2540 785 2599 infestat
797 2557 907 2616 pacem,
930 2538 1015 2598 euius
1028 2543 1109 2598 tanto

146 2628 284 2686 1011111101
310 2628 411 2686 haberi
440 2629 513 2688 ratio
541 2648 631 2705 quam
658 2628 728 2687 belli
755 2628 866 2688 debeat.
911 2626 1015 2705 Neque
1038 2627 1110 2687 haec

191 2721 290 2775 tamen
322 2717 383 2776 sola
414 2723 460 2776 est
491 2718 606 2776 furandi
637 2717 812 2776 necessitas:
845 2721 891 2775 est
921 2715 978 2775 alia
1006 2716 1108 2793 magis,

192 2811 334 2881 quantum
352 2786 448 2880 credo,
466 2807 622 2883 peculiaris
640 2806 750 2866 vobis.''
785 2805 1108 2878 ιι(1001110111οΜ001”,

190 2894 286 2971 inquit
299 2895 462 2954 cardinalis.
501 2894 625 2969 “Oves”,
647 2896 775 2972 inquam,
796 2898 936 2969 ιι1001100,
961 2888 1109 2972 quaetam

192 2983 279 3042 mites
302 3001 368 3043 esse
389 2980 509 3062 tamque
531 2984 639 3060 exiguo
662 2985 758 3044 solent
772 2984 820 3057 ali,
842 3001 929 3059 nunc,
953 2983 1108 3056 adfertur,

147 3084 174 3125 ao
192 3077 253 3131 tam
268 3073 374 3132 edaces
388 3079 476 3149 atque
489 3073 647 3133 indomitae
660 3091 725 3133 esse
740 3079 905 3150 coeperunt,
928 3080 962 3132 ut
975 3073 1109 3133 homines

192 3161 331 3220 devorent
363 3161 462 3238 ipsos,
499 3174 601 3238 agros,
638 3163 755 3237 domos,
790 3162 898 3239 oppida
929 3166 1046 3221 vastent
1075 3180 1110 3221 ac

191 3250 413 3327 depopulentur.
462 3250 576 3327 Nempe
604 3252 836 3328 quibuscumque
863 3250 947 3326 regni
978 3250 1109 3328 partibus

191 3340 320 3398 nascitur
343 3339 409 3398 lana
426 3339 541 3398 tenuior
558 3344 647 3418 atque
665 3341 730 3399 ideo
749 3340 911 3417 pretiosior,
934 3338 976 3399 ibi
997 3339 1109 3400 nobiles

191 3434 222 3487 et
248 3428 383 3504 generosi
410 3433 498 3505 atque
524 3429 601 3487 adeo
626 3431 744 3489 abbates
773 3429 896 3506 aliquot,
927 3429 1020 3489 sancti
1046 3427 1108 3502 viri,

145 3529 173 3570 aa
192 3535 249 3576 non
280 3517 329 3576 his
358 3518 486 3577 contenti
516 3517 660 3581 reditibus,
685 3518 888 3597 fructibusque
913 3517 1028 3594 annuis,
1059 3517 1110 3597 qui

655 3730 776 3775 ..Μ
