2512 4020
512 301 617 357 1111111,
641 302 752 343 vrorm.
1073 288 1113 346 65

198 495 253 536 sua
285 477 408 537 distrahi
440 479 602 554 patiuntur,
636 480 715 555 apud
744 480 933 556 Vtopienses‚
966 481 991 540 si
1024 483 1116 541 semel

199 566 295 624 omnia
331 584 378 625 res
415 568 575 643 postularet
611 569 720 642 efferri,
758 587 842 628 nemo
881 569 937 628 sibi
972 570 1115 630 iacturam

198 655 287 714 unius
310 656 417 715 iecisse
439 657 516 716 assis
539 656 720 738 videreturl

148 755 235 810 [11111]
260 745 434 820 Margaritae
461 754 612 822 praeterea
634 747 737 822 legimt
759 747 790 804 in
812 747 957 821 1111111111,
986 749 1056 825 quin
1084 750 1116 808 in

162 833 322 909 srupibus
355 834 530 911 quibusdam
561 835 731 894 adamantes
763 855 796 894 11
828 855 957 913 pyropos
990 856 1115 914 quoque,

198 941 294 999 neque
320 928 419 983 tamen
448 931 603 1000 quaerunt,
635 925 687 983 sed
711 925 823 983 oblatos
846 943 916 984 casu
940 927 1115 1003 perpoliunt.

199 1011 255 1071 His
278 1018 382 1071 ornant
403 1013 574 1089 infantulos3
604 1013 656 1089 qui
678 1019 711 1071 ut
733 1014 836 1090 primis
859 1015 1003 1089 pueritiae
1030 1016 1115 1075 annis

198 1100 306 1159 talibus
338 1103 515 1161 ornamentis
547 1103 709 1177 gloriantur
737 1121 772 1161 ac
802 1104 987 1179 superbiunt,
1023 1105 1114 1164 sicubi

198 1189 368 1265 plusculum
382 1191 510 1250 accrevit
523 1191 635 1265 aetatis,
650 1210 717 1250 cum
727 1192 961 1252 animadvertunt
971 1194 1116 1252 eiusmodi

111 1293 113 1296 ’
146 1291 177 1332 ro
198 1279 288 1353 nugis
310 1297 368 1338 non
388 1280 446 1338 nisi
459 1298 567 1356 pueros
581 1281 634 1353 uti,
657 1281 738 1339 nullo
754 1288 908 1357 parentum
922 1283 1115 1356 monit11‚sed

199 1374 316 1427 suomet
337 1369 469 1444 ipsorum
492 1369 603 1446 pudore
622 1370 780 1445 1111111111,
803 1389 862 1428 non
875 1371 961 1430 aliter
974 1390 1008 1430 ac
1021 1373 1115 1430 nostri

198 1457 292 1532 pueri,
306 1476 374 1516 cum
384 1458 591 1532 grandescunt,
604 1476 705 1531 nuces,
716 1459 811 1518 bullas
824 1466 854 1518 et
866 1479 962 1536 pupas
976 1461 1114 1520 abiciunt.

265 1546 369 1623 Itaque
401 1547 473 1605 haec
504 1553 564 1606 tam
601 1548 716 1606 diversa
747 1549 782 1606 ab
819 1549 940 1625 reliquis
976 1549 1115 1624 gentibus

197 1635 333 1694 instituta
356 1655 445 1712 quam
467 1636 599 1696 diversas
622 1636 724 1696 itidem
751 1636 914 1696 animorum
936 1638 1115 1698 adfectiones

144 1724 321 1800 reperiant,
345 1744 495 1801 nimquam
518 1744 610 1802 aeque
633 1726 706 1784 mihi
729 1731 817 1802 atque
840 1726 871 1784 in
893 1727 1115 1786 Anemoliorum

197 1813 305 1888 legatis
327 1813 472 1873 inclaruit.
505 1815 657 1874 Venerunt
680 1815 711 1873 hi
734 1817 935 1889 Amaurotum,
966 1816 1037 1874 dum
1060 1836 1115 1892 ego

198 1902 332 1976 aderam,
370 1910 415 1976 11,
448 1904 586 1980 quoniam
618 1905 733 1980 magnis
766 1904 803 1962 de
835 1906 923 1963 rebus
959 1910 1115 1964 tractatum

198 1991 363 2064 veniebant,
386 1992 548 2051 adventum
571 2012 673 2052 eorum
689 1993 766 2052 terni
780 1993 825 2051 illi
838 1993 919 2052 cives
933 2012 971 2052 ex
987 1994 1116 2070 qualibet

198 2073 277 2138 urbe¹
295 2088 514 2157 praevenerant.
561 2082 619 2141 Sed
645 2100 746 2140 omnes
769 2082 960 2141 finitimarum
982 2083 1116 2158 gentium

143 2182 177 2224 1ο
197 2169 296 2243 legati,
316 2169 367 2246 qui
382 2189 416 2228 eo
430 2176 497 2229 ante
511 2172 693 2248 appulerant,
709 2171 814 2248 quibus
823 2171 1030 2247 Vtopiensium
1048 2191 1116 2248 per·

199 2258 295 2333 111111
323 2277 421 2317 mores
451 2265 546 2332 erant,
578 2261 658 2337 apud
690 2279 764 2336 qnos
794 2267 966 2337 sumptuoso
996 2262 1116 2320 vestitui

197 2347 274 2406 nihil
296 2348 414 2406 honoris
436 2349 536 2408 haberi
554 2349 772 2424 intellegebant,
797 2350 922 2408 sericum
935 2351 1116 2427 contemptui

197 2455 274 2510 esse,
287 2456 392 2495 aurum
406 2438 494 2496 etiam
508 2438 617 2496 infame
633 2439 771 2512 sciebant,
786 2439 867 2497 cultu
882 2458 969 2515 quam
981 2444 1116 2516 poterant

197 2526 415 2585 modestissimo
433 2527 535 2586 venire
558 2534 776 2586 consueverant.
809 2529 849 2587 At
861 2528 1017 2601 Anemolii,
1037 2529 1116 2605 quod

144 2627 178 2671 25
197 2615 315 2690 longius
329 2616 448 2674 aberant
463 2635 497 2674 ac
510 2617 609 2674 minus
620 2635 687 2675 cum
696 2617 756 2676 illis
766 2617 936 2675 commercii
943 2618 1115 2692 habuerant,

198 2723 268 2763 cum
296 2705 478 2780 accepissent
505 2706 608 2764 eodem
639 2723 740 2764 ornnes
770 2724 862 2782 eoque
889 2706 956 2764 rudi
984 2707 1115 2783 corporis

198 2793 281 2852 cultu
297 2811 369 2867 1111,
392 2795 526 2869 persuasi
541 2813 600 2852 non
612 2795 719 2853 habere
733 2813 791 2868 111,
804 2813 862 2871 quo
876 2813 935 2853 non
950 2796 1114 2869 utebantur,

196 2882 257 2958 ipsi
280 2882 367 2941 etiam
391 2883 510 2958 superbi
530 2883 624 2959 magis
648 2902 736 2960 quam
751 2884 897 2960 sapientes
921 2884 1115 2943 decreverunt

197 2978 357 3047 apparatus
386 2971 531 3047 elegantia
561 2973 633 3031 deos
663 2973 806 3049 quosdam
835 2978 1055 3049 repraesentare
1085 2979 1115 3032 et

148 3071 180 3114 ³0
199 3061 373 3119 miserorum
398 3061 499 3120 oculos
521 3061 728 3138 Vtopiensium
751 3066 869 3120 ornatus
893 3061 939 3120 sui
962 3062 1116 3138 splendore

197 3149 422 3226 praestringere.
467 3150 572 3226 Itaque
599 3151 726 3225 ingressi
755 3156 824 3209 sunt
850 3150 940 3226 legati
962 3157 1023 3210 tres
1046 3170 1115 3210 cum

198 3238 355 3297 comitibus
378 3245 504 3312 centum,
528 3257 630 3298 omnes
654 3239 763 3298 vestitu
780 3239 958 3312 versicolori,
982 3240 1115 3317 plerique

199 3327 304 3402 serico,
334 3327 425 3402 legati
451 3328 510 3403 ipsi
539 3328 615 3404 (nam
643 3329 723 3387 domi
750 3329 862 3388 nobiles
885 3329 978 3404 erant)
1005 3329 1115 3387 amictu

198 3435 296 3491 111111,
318 3417 433 3491 magnis
457 3418 610 3493 torquibus
635 3423 665 3476 11
687 3418 837 3476 inauribus
860 3418 966 3490 aureis,
990 3418 1115 3476 adhaec

152 3516 182 3559 11
199 3505 296 3565 anulis
318 3505 417 3565 aurcis
439 3506 637 3580 inmanibus,
660 3507 819 3565 monilibus
841 3507 963 3583 insuper
978 3506 1116 3582 appensis

207 3622 256 3667 Lat.
270 3624 478 3666 mueraturrennm.
495 3627 527 3666 11.
938 3610 954 3662 b
