2512 4020
503 296 607 352 uonvs,
631 296 743 338 vroem.
1063 279 1103 338 99

189 474 314 550 praediis
337 479 451 550 partem
474 473 631 550 adsignant
657 473 726 548 illis,
755 473 806 550 qui
832 473 965 550 ipsorum
988 474 1104 534 hortatu

188 563 246 622 tale
259 563 427 622 discrimen
449 563 567 636 adeunt,
592 562 679 640 quale
701 567 769 622 ante
792 562 960 621 monstravi.

255 651 285 712 Si
319 651 386 729 quis
420 651 559 727 princeps
591 651 680 710 armis
715 651 858 711 adversus
890 668 942 711 eos
978 652 1105 728 sumptis

187 759 288 799 eorum
312 740 456 800 dicionem
478 746 561 817 paret
583 740 734 813 invadere,
761 740 876 816 magnis
898 739 965 799 ilico
992 740 1105 800 viribus

156 841 168 882 5
187 836 271 888 extra
294 847 363 889 suos
381 829 455 888 fines
474 834 640 889 oocurmint.
672 828 749 888 Nam
762 847 859 906 neque
872 834 983 889 temere
997 829 1028 888 in
1043 829 1105 889 suis

187 919 273 977 terris
295 918 406 977 bellum
428 923 543 993 gerunt,
567 936 662 995 neque
685 918 746 976 ulla
766 917 928 978 necessitas
948 923 1029 977 tanta
1050 924 1104 991 est,

188 1014 221 1065 ut
243 1024 294 1065 eos
317 1013 401 1082 cogat
415 1007 510 1066 aliena
523 1007 633 1066 auxilia
650 1007 683 1066 in
700 1007 827 1067 insulam
842 1025 926 1066 suam
940 1007 1104 1067 admittere.

348 1167 397 1226 De
423 1167 665 1243 religionibus
688 1167 945 1244 Vtopiensium.

254 1273 422 1350 Religiones
452 1280 522 1334 sunt
551 1292 609 1332 non
637 1292 691 1350 per
717 1274 845 1333 insulam
872 1275 972 1349 mod0,
1003 1293 1105 1334 verum

146 1375 170 1415 10
189 1363 320 1437 singulas
342 1363 431 1422 etiam
454 1364 542 1424 urbes
564 1363 661 1422 variae
683 1363 748 1422 aliis
772 1363 872 1437 solem,
900 1363 1001 1421 lunam
1029 1363 1104 1436 aliis,

188 1451 254 1510 aliis
280 1452 360 1510 aliud
383 1452 544 1511 errantium
568 1452 698 1511 siderum
721 1451 777 1510 Dei
800 1452 865 1511 vice
888 1453 1104 1511 venerantibus.

189 1539 264 1599 Sunt
293 1541 400 1618 quibus
428 1542 515 1600 homo
543 1541 695 1618 quispiam,
726 1541 811 1599 cuius
839 1540 909 1600 olim
937 1546 988 1600 aut
1010 1542 1105 1601 virtus

187 1634 238 1688 aut
252 1629 343 1705 gloria
362 1630 476 1704 enituit,
490 1648 548 1688 non
562 1648 615 1706 pro
630 1630 693 1689 Deo
707 1634 831 1704 tautum,
855 1630 908 1689 sed
922 1648 975 1707 pro
990 1648 1105 1689 summo

188 1718 275 1776 etiam
285 1718 348 1778 Deo
362 1719 530 1795 suspicitur.
560 1720 601 1778 At
613 1720 707 1778 multo
721 1719 851 1791 maxima
859 1737 929 1796 pars
943 1719 1106 1797 eademque

147 1821 169 1860 rs
188 1807 275 1882 louge
304 1808 476 1884 prudentior
505 1807 578 1867 nihil
607 1809 725 1882 horum,
759 1808 812 1867 sed
839 1826 931 1866 unum
959 1808 1106 1885 quoddam

187 1915 296 1956 numen
333 1903 438 1973 putant
477 1897 673 1976 incognitum,
714 1903 882 1970 aeternum,
918 1897 1105 1969 immensum,

187 1985 406 2062 inexplicabile,
439 1987 517 2063 quod
550 2004 640 2063 supra
671 1986 779 2045 mentis
811 1986 957 2045 humanae
987 1992 1106 2062 captum

189 2075 228 2134 sit
256 2094 310 2151 per
336 2075 481 2133 mundum
509 2075 588 2134 huno
615 2075 786 2134 universmn
809 2074 917 2135 virtute
944 2093 1003 2133 non
1029 2075 1106 2134 mole

188 2164 344 2222 diffusum:
375 2165 455 2223 huno
482 2169 634 2240 parentem
661 2170 775 2223 vocant.
821 2162 965 2240 Origines,
993 2169 1105 2236 auctus,

144 2264 169 2305 20
188 2271 373 2329 progressus,
387 2253 467 2312 vices
481 2254 615 2330 finesque
628 2271 728 2312 rerum
744 2253 874 2312 omnium
887 2252 956 2312 huic
969 2257 1106 2328 acceptos

189 2342 240 2399 uni
269 2343 401 2401 referunt
428 2360 483 2402 nec
510 2341 625 2400 divinos
652 2342 778 2401 honores
804 2341 856 2401 alii
878 2348 1030 2418 praeterea
1052 2341 1107 2400 ulli

189 2430 345 2506 applicant.
390 2430 467 2504 Quin
494 2431 601 2492 ceteris
629 2449 746 2508 quoque
769 2431 905 2491 omnibus
928 2449 1105 2508 quamquam

189 2518 306 2578 diversa
337 2520 526 2582 credentibus
557 2520 614 2578 hoc
640 2525 740 2579 tamen
767 2539 835 2580 cum
862 2519 927 2578 istis
959 2520 1106 2591 convenit,

190 2608 268 2684 quod
300 2625 365 2668 esse
393 2609 512 2686 quidem
539 2627 632 2668 unum
660 2614 782 2668 censent
812 2627 973 2681 summum,
1001 2609 1049 2668 cui
1077 2614 1107 2667 et

145 2708 171 2750 rs
189 2697 389 2757 universitatis
410 2697 558 2774 opificium
573 2703 604 2758 et
617 2698 800 2774 providentia
813 2698 963 2770 debeatur,
979 2715 1106 2774 eumque

190 2787 382 2846 communiter
404 2804 507 2847 omnes
529 2787 623 2864 patria
645 2787 746 2863 lingua
768 2787 917 2861 Mythram
940 2786 1106 2863 appellant,

191 2875 244 2933 sed
257 2893 292 2935 eo
306 2875 492 2954 dissentiunt,
515 2876 594 2952 quod
611 2875 690 2935 idem
703 2875 780 2935 alius
793 2875 872 2952 apud
887 2875 960 2934 alios
974 2875 1106 2948 habetur,

190 2969 359 3024 autumante
382 2982 510 3042 quoque,
539 2964 683 3042 quidquid
709 2964 740 3023 id
764 2965 815 3039 sit,
839 2965 917 3041 quod
939 2964 1003 3040 ipse
1027 2982 1105 3023 sum·

190 3072 271 3111 mum
295 3053 384 3127 ducit,
409 3053 533 3113 eandem
555 3053 635 3112 illam
650 3071 771 3130 prorsus
785 3071 852 3113 esse
865 3059 1007 3127 naturam,
1022 3053 1107 3112 ouius

144 3142 278 3201 nonnius
309 3141 422 3200 numini
454 3160 489 3202 ac
520 3142 665 3202 maiestati
698 3160 797 3201 rerum
828 3142 959 3201 omnium
991 3158 1107 3200 summa

145 3243 211 3296 pujo]
238 3231 369 3290 omnium
389 3229 393 3311 1
414 3249 561 3292 consensu
583 3231 716 3307 gentium
738 3231 884 3290 tribuitur.

257 3321 395 3380 Ceterum
426 3319 569 3396 paulatim
601 3338 703 3379 omnes
732 3322 768 3381 ab
798 3338 832 3380 ea
864 3319 1106 3396 superstitionum

189 3410 330 3469 varietate
357 3409 527 3469 desciscunt
553 3414 641 3486 atque
668 3409 700 3469 in
722 3427 812 3468 unam
833 3409 916 3468 illam
939 3408 1107 3468 coalescunt

189 3499 377 3575 religionem,
424 3517 498 3576 quae
542 3498 670 3575 reliquas
717 3497 830 3558 ratione
866 3497 985 3557 videtur
1026 3503 1106 3556 ante·

916 3598 946 3653 7*
