<?xml version="1.0" encoding="UTF-8"?>
<!DOCTYPE html PUBLIC "-//W3C//DTD XHTML 1.0 Transitional//EN"
    "http://www.w3.org/TR/xhtml1/DTD/xhtml1-transitional.dtd">
<html xmlns="http://www.w3.org/1999/xhtml" xml:lang="en" lang="en">
 <head>
  <title>
</title>
<meta http-equiv="Content-Type" content="text/html;charset=utf-8" />
  <meta name='ocr-system' content='tesseract 3.04.00' />
  <meta name='ocr-capabilities' content='ocr_page ocr_carea ocr_par ocr_line ocrx_word'/>
</head>
<body>
  <div class='ocr_page' id='page_1' title='image "./utopia01moregoog_0156.png"; bbox 0 0 2512 4020; ppageno 0'>
   <div class='ocr_carea' id='block_1_1' title="bbox 502 318 743 374">
    <p class='ocr_par' dir='ltr' id='par_1_1' title="bbox 502 318 743 374">
     <span class='ocr_line' id='line_1_1' title="bbox 502 318 743 374; baseline 0 -16"><span class='ocrx_word' id='word_1_1' title='bbox 502 318 607 374; x_wconf 82' lang='lat' dir='ltr'>uonvs,</span> <span class='ocrx_word' id='word_1_2' title='bbox 629 318 743 359; x_wconf 75' lang='lat' dir='ltr'>vrorra.</span> 
     </span>
    </p>
   </div>
   <div class='ocr_carea' id='block_1_2' title="bbox 144 493 1108 3604">
    <p class='ocr_par' dir='ltr' id='par_1_2' title="bbox 144 493 1108 3604">
     <span class='ocr_line' id='line_1_2' title="bbox 187 493 1104 571; baseline -0.001 -17"><span class='ocrx_word' id='word_1_3' title='bbox 187 497 258 554; x_wconf 93' lang='lat' dir='ltr'>dum</span> <span class='ocrx_word' id='word_1_4' title='bbox 274 503 344 569; x_wconf 89' lang='lat' dir='ltr'>erat,</span> <span class='ocrx_word' id='word_1_5' title='bbox 358 496 445 555; x_wconf 88' lang='lat' dir='ltr'>etiam</span> <span class='ocrx_word' id='word_1_6' title='bbox 460 495 648 554; x_wconf 88' lang='lat' dir='ltr'>blandissima</span> <span class='ocrx_word' id='word_1_7' title='bbox 662 495 804 555; x_wconf 81' lang='lat' dir='ltr'>suavitate</span> <span class='ocrx_word' id='word_1_8' title='bbox 817 494 955 571; x_wconf 80' lang='lat' dir='ltr'>pelliciat.</span> <span class='ocrx_word' id='word_1_9' title='bbox 988 493 1104 568; x_wconf 83' lang='lat' dir='ltr'>Quanto</span> 
     </span>
     <span class='ocr_line' id='line_1_3' title="bbox 186 585 1104 660; baseline -0.001 -16"><span class='ocrx_word' id='word_1_10' title='bbox 186 586 264 644; x_wconf 92' lang='lat' dir='ltr'>enim</span> <span class='ocrx_word' id='word_1_11' title='bbox 287 585 317 643; x_wconf 92' lang='lat' dir='ltr'>in</span> <span class='ocrx_word' id='word_1_12' title='bbox 340 585 434 644; x_wconf 87' lang='lat' dir='ltr'>taedio</span> <span class='ocrx_word' id='word_1_13' title='bbox 457 585 617 644; x_wconf 81' lang='lat' dir='ltr'>vivendum</span> <span class='ocrx_word' id='word_1_14' title='bbox 640 589 709 659; x_wconf 85' lang='lat' dir='ltr'>erat,</span> <span class='ocrx_word' id='word_1_15' title='bbox 738 585 763 643; x_wconf 88' lang='lat' dir='ltr'>si</span> <span class='ocrx_word' id='word_1_16' title='bbox 785 591 820 643; x_wconf 93' lang='lat' dir='ltr'>ut</span> <span class='ocrx_word' id='word_1_17' title='bbox 841 589 954 643; x_wconf 83' lang='lat' dir='ltr'>ceterae</span> <span class='ocrx_word' id='word_1_18' title='bbox 975 585 1104 660; x_wconf 77' lang='lat' dir='ltr'>aegritu·</span> 
     </span>
     <span class='ocr_line' id='line_1_4' title="bbox 187 672 1103 752; baseline 0 -20"><span class='ocrx_word' id='word_1_19' title='bbox 187 675 278 748; x_wconf 91' lang='lat' dir='ltr'>dines,</span> <span class='ocrx_word' id='word_1_20' title='bbox 301 693 376 752; x_wconf 90' lang='lat' dir='ltr'>quae</span> <span class='ocrx_word' id='word_1_21' title='bbox 398 691 452 732; x_wconf 89' lang='lat' dir='ltr'>nos</span> <span class='ocrx_word' id='word_1_22' title='bbox 475 673 614 733; x_wconf 77' lang='lat' dir='ltr'><strong>infestant</strong></span> <span class='ocrx_word' id='word_1_23' title='bbox 636 674 739 747; x_wconf 89' lang='lat' dir='ltr'>rarius,</span> <span class='ocrx_word' id='word_1_24' title='bbox 763 673 805 732; x_wconf 86' lang='lat' dir='ltr'>ita</span> <span class='ocrx_word' id='word_1_25' title='bbox 826 672 858 732; x_wconf 93' lang='lat' dir='ltr'>hi</span> <span class='ocrx_word' id='word_1_26' title='bbox 880 691 998 750; x_wconf 90' lang='lat' dir='ltr'>quoque</span> <span class='ocrx_word' id='word_1_27' title='bbox 1020 673 1103 733; x_wconf 90' lang='lat' dir='ltr'>cotti·</span> 
     </span>
     <span class='ocr_line' id='line_1_5' title="bbox 187 762 1104 839; baseline -0.001 -18"><span class='ocrx_word' id='word_1_28' title='bbox 187 763 266 822; x_wconf 85' lang='lat' dir='ltr'>diani</span> <span class='ocrx_word' id='word_1_29' title='bbox 288 764 374 822; x_wconf 82' lang='lat' dir='ltr'>tamis</span> <span class='ocrx_word' id='word_1_30' title='bbox 396 782 431 822; x_wconf 87' lang='lat' dir='ltr'>ac</span> <span class='ocrx_word' id='word_1_31' title='bbox 450 763 514 821; x_wconf 89' lang='lat' dir='ltr'>sitis</span> <span class='ocrx_word' id='word_1_32' title='bbox 528 763 622 822; x_wconf 84' lang='lat' dir='ltr'>morbi</span> <span class='ocrx_word' id='word_1_33' title='bbox 635 763 755 822; x_wconf 89' lang='lat' dir='ltr'>venenis</span> <span class='ocrx_word' id='word_1_34' title='bbox 768 781 803 822; x_wconf 86' lang='lat' dir='ltr'>ao</span> <span class='ocrx_word' id='word_1_35' title='bbox 815 762 981 839; x_wconf 89' lang='lat' dir='ltr'>pharmacis</span> <span class='ocrx_word' id='word_1_36' title='bbox 997 763 1104 821; x_wconf 88' lang='lat' dir='ltr'>amaris</span> 
     </span>
     <span class='ocr_line' id='line_1_6' title="bbox 154 851 1104 928; baseline 0.003 -21"><span class='ocrx_word' id='word_1_37' title='bbox 154 858 287 911; x_wconf 75' lang='lat' dir='ltr'>cessent</span> <span class='ocrx_word' id='word_1_38' title='bbox 313 852 457 928; x_wconf 84' lang='lat' dir='ltr'>abigendi.</span> <span class='ocrx_word' id='word_1_39' title='bbox 503 853 543 910; x_wconf 84' lang='lat' dir='ltr'>At</span> <span class='ocrx_word' id='word_1_40' title='bbox 565 853 696 925; x_wconf 89' lang='lat' dir='ltr'>formam,</span> <span class='ocrx_word' id='word_1_41' title='bbox 720 851 807 925; x_wconf 84' lang='lat' dir='ltr'>vires,</span> <span class='ocrx_word' id='word_1_42' title='bbox 834 851 1004 926; x_wconf 76' lang='lat' dir='ltr'>agilitatem,</span> <span class='ocrx_word' id='word_1_43' title='bbox 1031 852 1104 910; x_wconf 89' lang='lat' dir='ltr'>haec</span> 
     </span>
     <span class='ocr_line' id='line_1_7' title="bbox 188 940 1104 1018; baseline -0.001 -19"><span class='ocrx_word' id='word_1_44' title='bbox 188 948 221 999; x_wconf 93' lang='lat' dir='ltr'>ut</span> <span class='ocrx_word' id='word_1_45' title='bbox 247 941 365 1018; x_wconf 91' lang='lat' dir='ltr'>propria</span> <span class='ocrx_word' id='word_1_46' title='bbox 391 941 578 1017; x_wconf 89' lang='lat' dir='ltr'>iucundaque</span> <span class='ocrx_word' id='word_1_47' title='bbox 605 947 727 1000; x_wconf 89' lang='lat' dir='ltr'>naturae</span> <span class='ocrx_word' id='word_1_48' title='bbox 750 940 826 1000; x_wconf 87' lang='lat' dir='ltr'>dona</span> <span class='ocrx_word' id='word_1_49' title='bbox 849 940 973 999; x_wconf 81' lang='lat' dir='ltr'>libenter</span> <span class='ocrx_word' id='word_1_50' title='bbox 994 941 1104 999; x_wconf 81' lang='lat' dir='ltr'>fovent.</span> 
     </span>
     <span class='ocr_line' id='line_1_8' title="bbox 188 1029 1104 1106; baseline -0.001 -18"><span class='ocrx_word' id='word_1_51' title='bbox 188 1029 265 1103; x_wconf 82' lang='lat' dir='ltr'>Quin</span> <span class='ocrx_word' id='word_1_52' title='bbox 288 1049 337 1090; x_wconf 89' lang='lat' dir='ltr'>eas</span> <span class='ocrx_word' id='word_1_53' title='bbox 361 1049 477 1106; x_wconf 93' lang='lat' dir='ltr'>quoque</span> <span class='ocrx_word' id='word_1_54' title='bbox 500 1030 677 1106; x_wconf 82' lang='lat' dir='ltr'>voluptates,</span> <span class='ocrx_word' id='word_1_55' title='bbox 702 1047 776 1106; x_wconf 90' lang='lat' dir='ltr'>quae</span> <span class='ocrx_word' id='word_1_56' title='bbox 799 1048 853 1106; x_wconf 89' lang='lat' dir='ltr'>per</span> <span class='ocrx_word' id='word_1_57' title='bbox 874 1047 975 1102; x_wconf 89' lang='lat' dir='ltr'>aures,</span> <span class='ocrx_word' id='word_1_58' title='bbox 1003 1029 1104 1088; x_wconf 90' lang='lat' dir='ltr'>oculos</span> 
     </span>
     <span class='ocr_line' id='line_1_9' title="bbox 187 1119 1104 1195; baseline -0.002 -17"><span class='ocrx_word' id='word_1_59' title='bbox 187 1139 222 1178; x_wconf 90' lang='lat' dir='ltr'>ac</span> <span class='ocrx_word' id='word_1_60' title='bbox 245 1139 330 1179; x_wconf 86' lang='lat' dir='ltr'>nares</span> <span class='ocrx_word' id='word_1_61' title='bbox 353 1120 553 1193; x_wconf 71' lang='lat' dir='ltr'>admittimtur,</span> <span class='ocrx_word' id='word_1_62' title='bbox 577 1137 650 1195; x_wconf 89' lang='lat' dir='ltr'>quas</span> <span class='ocrx_word' id='word_1_63' title='bbox 673 1125 777 1178; x_wconf 86' lang='lat' dir='ltr'>natura</span> <span class='ocrx_word' id='word_1_64' title='bbox 799 1119 932 1195; x_wconf 89' lang='lat' dir='ltr'>proprias</span> <span class='ocrx_word' id='word_1_65' title='bbox 946 1137 980 1176; x_wconf 88' lang='lat' dir='ltr'>ao</span> <span class='ocrx_word' id='word_1_66' title='bbox 994 1119 1104 1194; x_wconf 90' lang='lat' dir='ltr'>peculi·</span> 
     </span>
     <span class='ocr_line' id='line_1_10' title="bbox 188 1206 1103 1284; baseline -0.002 -17"><span class='ocrx_word' id='word_1_67' title='bbox 188 1227 253 1267; x_wconf 89' lang='lat' dir='ltr'>ares</span> <span class='ocrx_word' id='word_1_68' title='bbox 267 1227 332 1268; x_wconf 89' lang='lat' dir='ltr'>esse</span> <span class='ocrx_word' id='word_1_69' title='bbox 355 1208 464 1266; x_wconf 90' lang='lat' dir='ltr'>homini</span> <span class='ocrx_word' id='word_1_70' title='bbox 478 1208 570 1266; x_wconf 80' lang='lat' dir='ltr'>voluit</span> <span class='ocrx_word' id='word_1_71' title='bbox 592 1210 698 1284; x_wconf 89' lang='lat' dir='ltr'>(neque</span> <span class='ocrx_word' id='word_1_72' title='bbox 720 1208 800 1266; x_wconf 91' lang='lat' dir='ltr'>enim</span> <span class='ocrx_word' id='word_1_73' title='bbox 815 1207 894 1265; x_wconf 88' lang='lat' dir='ltr'>aliud</span> <span class='ocrx_word' id='word_1_74' title='bbox 912 1206 1103 1266; x_wconf 90' lang='lat' dir='ltr'>animantium</span> 
     </span>
     <span class='ocr_line' id='line_1_11' title="bbox 145 1295 1104 1376; baseline 0.004 -25"><span class='ocrx_word' id='word_1_75' title='bbox 145 1311 170 1352; x_wconf 80' lang='lat' dir='ltr'>ro</span> <span class='ocrx_word' id='word_1_76' title='bbox 190 1309 246 1364; x_wconf 74' lang='lat' dir='ltr'>[rja]</span> <span class='ocrx_word' id='word_1_77' title='bbox 274 1317 324 1373; x_wconf 85' lang='lat' dir='ltr'>ge·</span> <span class='ocrx_word' id='word_1_78' title='bbox 345 1295 349 1376; x_wconf 75' lang='lat' dir='ltr'>l</span> <span class='ocrx_word' id='word_1_79' title='bbox 369 1315 425 1355; x_wconf 92' lang='lat' dir='ltr'>uus</span> <span class='ocrx_word' id='word_1_80' title='bbox 452 1303 504 1356; x_wconf 91' lang='lat' dir='ltr'>aut</span> <span class='ocrx_word' id='word_1_81' title='bbox 525 1296 628 1355; x_wconf 89' lang='lat' dir='ltr'>mundi</span> <span class='ocrx_word' id='word_1_82' title='bbox 650 1297 773 1355; x_wconf 75' lang='lat' dir='ltr'>formam</span> <span class='ocrx_word' id='word_1_83' title='bbox 796 1296 1104 1373; x_wconf 81' lang='lat' dir='ltr'>pulchritudinemque</span> 
     </span>
     <span class='ocr_line' id='line_1_12' title="bbox 189 1384 1104 1463; baseline -0.001 -18"><span class='ocrx_word' id='word_1_84' title='bbox 189 1388 312 1463; x_wconf 80' lang='lat' dir='ltr'>suspicit</span> <span class='ocrx_word' id='word_1_85' title='bbox 334 1393 385 1445; x_wconf 91' lang='lat' dir='ltr'>aut</span> <span class='ocrx_word' id='word_1_86' title='bbox 408 1387 529 1444; x_wconf 86' lang='lat' dir='ltr'>odorum</span> <span class='ocrx_word' id='word_1_87' title='bbox 553 1387 609 1444; x_wconf 88' lang='lat' dir='ltr'>nisi</span> <span class='ocrx_word' id='word_1_88' title='bbox 632 1386 669 1443; x_wconf 89' lang='lat' dir='ltr'>ad</span> <span class='ocrx_word' id='word_1_89' title='bbox 692 1385 750 1444; x_wconf 88' lang='lat' dir='ltr'>cibi</span> <span class='ocrx_word' id='word_1_90' title='bbox 769 1385 927 1444; x_wconf 83' lang='lat' dir='ltr'>discrimen</span> <span class='ocrx_word' id='word_1_91' title='bbox 946 1384 1008 1443; x_wconf 89' lang='lat' dir='ltr'>ulla</span> <span class='ocrx_word' id='word_1_92' title='bbox 1026 1404 1104 1444; x_wconf 89' lang='lat' dir='ltr'>com·</span> 
     </span>
     <span class='ocr_line' id='line_1_13' title="bbox 188 1474 1105 1551; baseline -0.002 -17"><span class='ocrx_word' id='word_1_93' title='bbox 188 1482 322 1535; x_wconf 82' lang='lat' dir='ltr'>movetur</span> <span class='ocrx_word' id='word_1_94' title='bbox 345 1477 437 1551; x_wconf 83' lang='lat' dir='ltr'>gratia</span> <span class='ocrx_word' id='word_1_95' title='bbox 461 1493 554 1551; x_wconf 91' lang='lat' dir='ltr'>neque</span> <span class='ocrx_word' id='word_1_96' title='bbox 577 1492 718 1533; x_wconf 88' lang='lat' dir='ltr'>consonas</span> <span class='ocrx_word' id='word_1_97' title='bbox 741 1475 819 1534; x_wconf 88' lang='lat' dir='ltr'>inter</span> <span class='ocrx_word' id='word_1_98' title='bbox 844 1493 875 1533; x_wconf 94' lang='lat' dir='ltr'>se</span> <span class='ocrx_word' id='word_1_99' title='bbox 893 1474 1105 1551; x_wconf 86' lang='lat' dir='ltr'>discordesque</span> 
     </span>
     <span class='ocr_line' id='line_1_14' title="bbox 189 1563 1105 1640; baseline -0.001 -17"><span class='ocrx_word' id='word_1_100' title='bbox 189 1584 325 1623; x_wconf 88' lang='lat' dir='ltr'>sonorum</span> <span class='ocrx_word' id='word_1_101' title='bbox 356 1565 508 1623; x_wconf 85' lang='lat' dir='ltr'>distantias</span> <span class='ocrx_word' id='word_1_102' title='bbox 537 1564 731 1638; x_wconf 79' lang='lat' dir='ltr'>internoscit),</span> <span class='ocrx_word' id='word_1_103' title='bbox 760 1570 791 1622; x_wconf 92' lang='lat' dir='ltr'>et</span> <span class='ocrx_word' id='word_1_104' title='bbox 813 1564 879 1636; x_wconf 90' lang='lat' dir='ltr'>has,</span> <span class='ocrx_word' id='word_1_105' title='bbox 908 1563 1042 1640; x_wconf 87' lang='lat' dir='ltr'>inquam,</span> <span class='ocrx_word' id='word_1_106' title='bbox 1072 1569 1105 1622; x_wconf 93' lang='lat' dir='ltr'>ut</span> 
     </span>
     <span class='ocr_line' id='line_1_15' title="bbox 189 1652 1105 1730; baseline -0.001 -19"><span class='ocrx_word' id='word_1_107' title='bbox 189 1654 315 1712; x_wconf 90' lang='lat' dir='ltr'>iucunda</span> <span class='ocrx_word' id='word_1_108' title='bbox 337 1653 480 1730; x_wconf 87' lang='lat' dir='ltr'>quaedam</span> <span class='ocrx_word' id='word_1_109' title='bbox 501 1653 578 1712; x_wconf 85' lang='lat' dir='ltr'>uitae</span> <span class='ocrx_word' id='word_1_110' title='bbox 602 1653 786 1711; x_wconf 84' lang='lat' dir='ltr'>condimenta</span> <span class='ocrx_word' id='word_1_111' title='bbox 806 1658 1032 1729; x_wconf 89' lang='lat' dir='ltr'>persequuntur.</span> <span class='ocrx_word' id='word_1_112' title='bbox 1069 1652 1105 1710; x_wconf 92' lang='lat' dir='ltr'>In</span> 
     </span>
     <span class='ocr_line' id='line_1_16' title="bbox 145 1741 1104 1815; baseline 0.001 -17"><span class='ocrx_word' id='word_1_113' title='bbox 145 1758 171 1799; x_wconf 78' lang='lat'>15</span> <span class='ocrx_word' id='word_1_114' title='bbox 189 1744 324 1802; x_wconf 92' lang='lat' dir='ltr'>omnibus</span> <span class='ocrx_word' id='word_1_115' title='bbox 356 1748 454 1801; x_wconf 89' lang='lat' dir='ltr'>autem</span> <span class='ocrx_word' id='word_1_116' title='bbox 486 1743 565 1801; x_wconf 86' lang='lat' dir='ltr'>hune</span> <span class='ocrx_word' id='word_1_117' title='bbox 596 1743 704 1800; x_wconf 90' lang='lat' dir='ltr'>habent</span> <span class='ocrx_word' id='word_1_118' title='bbox 732 1742 865 1815; x_wconf 90' lang='lat' dir='ltr'>modum,</span> <span class='ocrx_word' id='word_1_119' title='bbox 897 1760 935 1800; x_wconf 92' lang='lat' dir='ltr'>ne</span> <span class='ocrx_word' id='word_1_120' title='bbox 965 1741 1104 1800; x_wconf 91' lang='lat' dir='ltr'>maiorem</span> 
     </span>
     <span class='ocr_line' id='line_1_17' title="bbox 189 1830 1104 1909; baseline -0.001 -19"><span class='ocrx_word' id='word_1_121' title='bbox 189 1833 284 1890; x_wconf 90' lang='lat' dir='ltr'>minor</span> <span class='ocrx_word' id='word_1_122' title='bbox 306 1831 446 1909; x_wconf 88' lang='lat' dir='ltr'>impediat</span> <span class='ocrx_word' id='word_1_123' title='bbox 468 1850 527 1890; x_wconf 91' lang='lat' dir='ltr'>neu</span> <span class='ocrx_word' id='word_1_124' title='bbox 541 1832 670 1890; x_wconf 88' lang='lat' dir='ltr'>dolorem</span> <span class='ocrx_word' id='word_1_125' title='bbox 684 1830 839 1907; x_wconf 89' lang='lat' dir='ltr'>aliquando</span> <span class='ocrx_word' id='word_1_126' title='bbox 853 1831 988 1906; x_wconf 88' lang='lat' dir='ltr'>voluptas</span> <span class='ocrx_word' id='word_1_127' title='bbox 1003 1831 1104 1906; x_wconf 87' lang='lat' dir='ltr'>pariat,</span> 
     </span>
     <span class='ocr_line' id='line_1_18' title="bbox 189 1919 1106 1998; baseline 0.003 -23"><span class='ocrx_word' id='word_1_128' title='bbox 189 1922 268 1998; x_wconf 85' lang='lat' dir='ltr'>quod</span> <span class='ocrx_word' id='word_1_129' title='bbox 291 1920 456 1980; x_wconf 86' lang='lat' dir='ltr'>necessario</span> <span class='ocrx_word' id='word_1_130' title='bbox 484 1921 566 1996; x_wconf 92' lang='lat' dir='ltr'>sequi</span> <span class='ocrx_word' id='word_1_131' title='bbox 594 1926 723 1993; x_wconf 88' lang='lat' dir='ltr'>censent,</span> <span class='ocrx_word' id='word_1_132' title='bbox 752 1920 778 1978; x_wconf 91' lang='lat' dir='ltr'>si</span> <span class='ocrx_word' id='word_1_133' title='bbox 800 1920 954 1979; x_wconf 87' lang='lat' dir='ltr'>inhonesta</span> <span class='ocrx_word' id='word_1_134' title='bbox 977 1919 1024 1979; x_wconf 91' lang='lat' dir='ltr'>sit.</span> <span class='ocrx_word' id='word_1_135' title='bbox 1066 1921 1106 1978; x_wconf 89' lang='lat' dir='ltr'>At</span> 
     </span>
     <span class='ocr_line' id='line_1_19' title="bbox 160 2008 1106 2084; baseline -0.003 -15"><span class='ocrx_word' id='word_1_136' title='bbox 160 2069 164 2075; x_wconf 83' lang='grc'><strong><em>,</em></strong></span> <span class='ocrx_word' id='word_1_137' title='bbox 190 2016 269 2069; x_wconf 80' lang='lat' dir='ltr'>oerte</span> <span class='ocrx_word' id='word_1_138' title='bbox 291 2012 401 2069; x_wconf 83' lang='lat' dir='ltr'>formae</span> <span class='ocrx_word' id='word_1_139' title='bbox 424 2010 513 2068; x_wconf 88' lang='lat' dir='ltr'>decus</span> <span class='ocrx_word' id='word_1_140' title='bbox 536 2008 834 2082; x_wconf 79' lang='lat' dir='ltr'>contemnere,·vires</span> <span class='ocrx_word' id='word_1_141' title='bbox 857 2008 996 2082; x_wconf 81' lang='lat' dir='ltr'>deterere,</span> <span class='ocrx_word' id='word_1_142' title='bbox 1024 2009 1106 2084; x_wconf 90' lang='lat' dir='ltr'>agili·</span> 
     </span>
     <span class='ocr_line' id='line_1_20' title="bbox 189 2097 1104 2176; baseline -0.002 -18"><span class='ocrx_word' id='word_1_143' title='bbox 189 2106 278 2158; x_wconf 86' lang='lat' dir='ltr'>tatem</span> <span class='ocrx_word' id='word_1_144' title='bbox 302 2100 333 2157; x_wconf 90' lang='lat' dir='ltr'>in</span> <span class='ocrx_word' id='word_1_145' title='bbox 356 2099 504 2176; x_wconf 84' lang='lat' dir='ltr'>pigritiam</span> <span class='ocrx_word' id='word_1_146' title='bbox 527 2105 648 2172; x_wconf 83' lang='lat' dir='ltr'>vertere,</span> <span class='ocrx_word' id='word_1_147' title='bbox 674 2115 780 2173; x_wconf 90' lang='lat' dir='ltr'>corpus</span> <span class='ocrx_word' id='word_1_148' title='bbox 803 2098 958 2157; x_wconf 85' lang='lat' dir='ltr'>exhaurire</span> <span class='ocrx_word' id='word_1_149' title='bbox 980 2097 1104 2167; x_wconf 90' lang='lat' dir='ltr'>ieiuniis,</span> 
     </span>
     <span class='ocr_line' id='line_1_21' title="bbox 144 2187 1106 2248; baseline 0 -3"><span class='ocrx_word' id='word_1_150' title='bbox 144 2203 171 2245; x_wconf 77' lang='lat' dir='ltr'>ro</span> <span class='ocrx_word' id='word_1_151' title='bbox 190 2189 307 2248; x_wconf 84' lang='lat' dir='ltr'>sanitati</span> <span class='ocrx_word' id='word_1_152' title='bbox 328 2187 464 2246; x_wconf 89' lang='lat' dir='ltr'>iniuriam</span> <span class='ocrx_word' id='word_1_153' title='bbox 486 2188 581 2246; x_wconf 87' lang='lat' dir='ltr'>facere</span> <span class='ocrx_word' id='word_1_154' title='bbox 603 2194 633 2246; x_wconf 91' lang='lat' dir='ltr'>et</span> <span class='ocrx_word' id='word_1_155' title='bbox 654 2193 751 2246; x_wconf 83' lang='lat' dir='ltr'>cetera</span> <span class='ocrx_word' id='word_1_156' title='bbox 770 2193 890 2246; x_wconf 90' lang='lat' dir='ltr'>naturae</span> <span class='ocrx_word' id='word_1_157' title='bbox 909 2187 1106 2246; x_wconf 88' lang='lat' dir='ltr'>blandimenta</span> 
     </span>
     <span class='ocr_line' id='line_1_22' title="bbox 189 2277 1105 2354; baseline -0.002 -18"><span class='ocrx_word' id='word_1_158' title='bbox 189 2296 336 2354; x_wconf 89' lang='lat' dir='ltr'>respuere,</span> <span class='ocrx_word' id='word_1_159' title='bbox 360 2278 416 2336; x_wconf 92' lang='lat' dir='ltr'>nisi</span> <span class='ocrx_word' id='word_1_160' title='bbox 439 2278 506 2354; x_wconf 92' lang='lat' dir='ltr'>quis</span> <span class='ocrx_word' id='word_1_161' title='bbox 529 2278 600 2335; x_wconf 85' lang='lat' dir='ltr'>haec</span> <span class='ocrx_word' id='word_1_162' title='bbox 624 2295 678 2335; x_wconf 92' lang='lat' dir='ltr'>sua</span> <span class='ocrx_word' id='word_1_163' title='bbox 695 2277 848 2335; x_wconf 85' lang='lat' dir='ltr'>commoda</span> <span class='ocrx_word' id='word_1_164' title='bbox 866 2277 1010 2351; x_wconf 89' lang='lat' dir='ltr'>neglegat,</span> <span class='ocrx_word' id='word_1_165' title='bbox 1034 2277 1105 2334; x_wconf 91' lang='lat' dir='ltr'>dum</span> 
     </span>
     <span class='ocr_line' id='line_1_23' title="bbox 189 2365 1105 2443; baseline -0.002 -18"><span class='ocrx_word' id='word_1_166' title='bbox 189 2368 311 2426; x_wconf 89' lang='lat' dir='ltr'>aliorum</span> <span class='ocrx_word' id='word_1_167' title='bbox 344 2367 497 2443; x_wconf 83' lang='lat' dir='ltr'>publicave</span> <span class='ocrx_word' id='word_1_168' title='bbox 526 2366 676 2425; x_wconf 90' lang='lat' dir='ltr'>ardentius</span> <span class='ocrx_word' id='word_1_169' title='bbox 706 2372 854 2442; x_wconf 87' lang='lat' dir='ltr'>procurat,</span> <span class='ocrx_word' id='word_1_170' title='bbox 887 2365 970 2424; x_wconf 89' lang='lat' dir='ltr'>cuius</span> <span class='ocrx_word' id='word_1_171' title='bbox 998 2365 1105 2425; x_wconf 89' lang='lat' dir='ltr'>laboris</span> 
     </span>
     <span class='ocr_line' id='line_1_24' title="bbox 189 2454 1107 2532; baseline 0.001 -21"><span class='ocrx_word' id='word_1_172' title='bbox 189 2457 254 2515; x_wconf 79' lang='lat' dir='ltr'>vioe</span> <span class='ocrx_word' id='word_1_173' title='bbox 282 2457 421 2514; x_wconf 88' lang='lat' dir='ltr'>maiorem</span> <span class='ocrx_word' id='word_1_174' title='bbox 444 2475 462 2514; x_wconf 90' lang='lat' dir='ltr'>a</span> <span class='ocrx_word' id='word_1_175' title='bbox 484 2455 546 2514; x_wconf 89' lang='lat' dir='ltr'>Deo</span> <span class='ocrx_word' id='word_1_176' title='bbox 574 2455 754 2531; x_wconf 79' lang='lat' dir='ltr'>voluptatem</span> <span class='ocrx_word' id='word_1_177' title='bbox 784 2460 947 2531; x_wconf 86' lang='lat' dir='ltr'>exspectet,</span> <span class='ocrx_word' id='word_1_178' title='bbox 977 2454 1107 2532; x_wconf 87' lang='lat' dir='ltr'>alioquin</span> 
     </span>
     <span class='ocr_line' id='line_1_25' title="bbox 190 2544 1106 2604; baseline -0.002 0"><span class='ocrx_word' id='word_1_179' title='bbox 190 2547 225 2604; x_wconf 93' lang='lat' dir='ltr'>ob</span> <span class='ocrx_word' id='word_1_180' title='bbox 255 2545 371 2604; x_wconf 89' lang='lat' dir='ltr'>inanem</span> <span class='ocrx_word' id='word_1_181' title='bbox 395 2544 510 2603; x_wconf 74' lang='lat' dir='ltr'>uirtutis</span> <span class='ocrx_word' id='word_1_182' title='bbox 538 2546 672 2602; x_wconf 91' lang='lat' dir='ltr'>umbram</span> <span class='ocrx_word' id='word_1_183' title='bbox 699 2544 810 2602; x_wconf 92' lang='lat' dir='ltr'>nullius</span> <span class='ocrx_word' id='word_1_184' title='bbox 837 2545 911 2603; x_wconf 89' lang='lat' dir='ltr'>bono</span> <span class='ocrx_word' id='word_1_185' title='bbox 939 2550 1034 2602; x_wconf 88' lang='lat' dir='ltr'>semet</span> <span class='ocrx_word' id='word_1_186' title='bbox 1056 2544 1106 2602; x_wconf 87' lang='lat' dir='ltr'>ad·</span> 
     </span>
     <span class='ocr_line' id='line_1_26' title="bbox 144 2633 1107 2710; baseline -0.001 -18"><span class='ocrx_word' id='word_1_187' title='bbox 144 2649 172 2692; x_wconf 84' lang='lat'>25</span> <span class='ocrx_word' id='word_1_188' title='bbox 189 2635 305 2710; x_wconf 86' lang='lat' dir='ltr'>fligere,</span> <span class='ocrx_word' id='word_1_189' title='bbox 334 2634 381 2692; x_wconf 84' lang='lat' dir='ltr'>vel</span> <span class='ocrx_word' id='word_1_190' title='bbox 409 2653 466 2710; x_wconf 93' lang='lat' dir='ltr'>quo</span> <span class='ocrx_word' id='word_1_191' title='bbox 494 2634 616 2692; x_wconf 84' lang='lat' dir='ltr'>adversa</span> <span class='ocrx_word' id='word_1_192' title='bbox 642 2635 719 2692; x_wconf 83' lang='lat' dir='ltr'>ferre</span> <span class='ocrx_word' id='word_1_193' title='bbox 748 2633 845 2691; x_wconf 89' lang='lat' dir='ltr'>minus</span> <span class='ocrx_word' id='word_1_194' title='bbox 868 2633 990 2691; x_wconf 87' lang='lat' dir='ltr'>moleste</span> <span class='ocrx_word' id='word_1_195' title='bbox 1013 2633 1107 2708; x_wconf 88' lang='lat' dir='ltr'>possit</span> 
     </span>
     <span class='ocr_line' id='line_1_27' title="bbox 190 2724 1106 2800; baseline -0.002 -18"><span class='ocrx_word' id='word_1_196' title='bbox 190 2742 339 2800; x_wconf 88' lang='lat' dir='ltr'>nunquam</span> <span class='ocrx_word' id='word_1_197' title='bbox 378 2725 501 2782; x_wconf 84' lang='lat' dir='ltr'>fortasse</span> <span class='ocrx_word' id='word_1_198' title='bbox 533 2729 670 2782; x_wconf 86' lang='lat' dir='ltr'>ventura:</span> <span class='ocrx_word' id='word_1_199' title='bbox 708 2724 765 2781; x_wconf 91' lang='lat' dir='ltr'>hoo</span> <span class='ocrx_word' id='word_1_200' title='bbox 796 2741 865 2781; x_wconf 85' lang='lat' dir='ltr'>vero</span> <span class='ocrx_word' id='word_1_201' title='bbox 901 2727 1005 2799; x_wconf 85' lang='lat' dir='ltr'>putant</span> <span class='ocrx_word' id='word_1_202' title='bbox 1041 2739 1106 2781; x_wconf 87' lang='lat' dir='ltr'>esse</span> 
     </span>
     <span class='ocr_line' id='line_1_28' title="bbox 190 2811 1107 2887; baseline 0 -17"><span class='ocrx_word' id='word_1_203' title='bbox 190 2813 445 2872; x_wconf 88' lang='lat' dir='ltr'>dementissimum</span> <span class='ocrx_word' id='word_1_204' title='bbox 474 2811 621 2887; x_wconf 86' lang='lat' dir='ltr'>animique</span> <span class='ocrx_word' id='word_1_205' title='bbox 650 2816 680 2869; x_wconf 91' lang='lat' dir='ltr'>et</span> <span class='ocrx_word' id='word_1_206' title='bbox 706 2812 737 2869; x_wconf 91' lang='lat' dir='ltr'>in</span> <span class='ocrx_word' id='word_1_207' title='bbox 766 2829 797 2870; x_wconf 92' lang='lat' dir='ltr'>se</span> <span class='ocrx_word' id='word_1_208' title='bbox 825 2811 953 2870; x_wconf 86' lang='lat' dir='ltr'>crudelis</span> <span class='ocrx_word' id='word_1_209' title='bbox 980 2815 1010 2868; x_wconf 89' lang='lat' dir='ltr'>et</span> <span class='ocrx_word' id='word_1_210' title='bbox 1036 2829 1107 2886; x_wconf 88' lang='lat' dir='ltr'>erga</span> 
     </span>
     <span class='ocr_line' id='line_1_29' title="bbox 190 2900 1106 2978; baseline -0.002 -18"><span class='ocrx_word' id='word_1_211' title='bbox 190 2908 323 2960; x_wconf 88' lang='lat' dir='ltr'>naturam</span> <span class='ocrx_word' id='word_1_212' title='bbox 347 2900 545 2977; x_wconf 85' lang='lat' dir='ltr'>ingratissimi,</span> <span class='ocrx_word' id='word_1_213' title='bbox 573 2900 628 2973; x_wconf 88' lang='lat' dir='ltr'>cui,</span> <span class='ocrx_word' id='word_1_214' title='bbox 657 2906 796 2977; x_wconf 86' lang='lat' dir='ltr'>tanquam</span> <span class='ocrx_word' id='word_1_215' title='bbox 819 2901 926 2959; x_wconf 89' lang='lat' dir='ltr'>debere</span> <span class='ocrx_word' id='word_1_216' title='bbox 949 2900 1106 2978; x_wconf 91' lang='lat' dir='ltr'>quicquam</span> 
     </span>
     <span class='ocr_line' id='line_1_30' title="bbox 191 2989 962 3066; baseline -0.001 -18"><span class='ocrx_word' id='word_1_217' title='bbox 191 2991 373 3066; x_wconf 88' lang='lat' dir='ltr'>dedignetur,</span> <span class='ocrx_word' id='word_1_218' title='bbox 396 2991 530 3049; x_wconf 92' lang='lat' dir='ltr'>omnibus</span> <span class='ocrx_word' id='word_1_219' title='bbox 553 2990 616 3048; x_wconf 90' lang='lat' dir='ltr'>eius</span> <span class='ocrx_word' id='word_1_220' title='bbox 639 2989 786 3048; x_wconf 90' lang='lat' dir='ltr'>beneficiis</span> <span class='ocrx_word' id='word_1_221' title='bbox 809 2990 962 3048; x_wconf 88' lang='lat' dir='ltr'>renuntiat.</span> 
     </span>
     <span class='ocr_line' id='line_1_31' title="bbox 144 3078 1107 3154; baseline 0 -16"><span class='ocrx_word' id='word_1_222' title='bbox 144 3095 172 3138; x_wconf 79' lang='lat' dir='ltr'>so</span> <span class='ocrx_word' id='word_1_223' title='bbox 257 3081 338 3139; x_wconf 88' lang='lat' dir='ltr'>Haec</span> <span class='ocrx_word' id='word_1_224' title='bbox 361 3087 407 3139; x_wconf 88' lang='lat' dir='ltr'>est</span> <span class='ocrx_word' id='word_1_225' title='bbox 429 3097 530 3139; x_wconf 90' lang='lat' dir='ltr'>eorum</span> <span class='ocrx_word' id='word_1_226' title='bbox 552 3079 589 3137; x_wconf 91' lang='lat' dir='ltr'>de</span> <span class='ocrx_word' id='word_1_227' title='bbox 612 3079 719 3138; x_wconf 71' lang='lat' dir='ltr'>virum</span> <span class='ocrx_word' id='word_1_228' title='bbox 742 3097 777 3138; x_wconf 86' lang='lat' dir='ltr'>ao</span> <span class='ocrx_word' id='word_1_229' title='bbox 790 3079 937 3154; x_wconf 86' lang='lat' dir='ltr'>voluptate</span> <span class='ocrx_word' id='word_1_230' title='bbox 954 3078 1107 3151; x_wconf 87' lang='lat' dir='ltr'>sententia,</span> 
     </span>
     <span class='ocr_line' id='line_1_32' title="bbox 191 3165 1107 3246; baseline -0.001 -18"><span class='ocrx_word' id='word_1_231' title='bbox 191 3188 262 3246; x_wconf 89' lang='lat' dir='ltr'>qua,</span> <span class='ocrx_word' id='word_1_232' title='bbox 297 3170 353 3228; x_wconf 90' lang='lat' dir='ltr'>nisi</span> <span class='ocrx_word' id='word_1_233' title='bbox 386 3165 515 3228; x_wconf 89' lang='lat' dir='ltr'>sanctius</span> <span class='ocrx_word' id='word_1_234' title='bbox 547 3168 658 3244; x_wconf 89' lang='lat' dir='ltr'>aliquid</span> <span class='ocrx_word' id='word_1_235' title='bbox 689 3167 813 3244; x_wconf 89' lang='lat' dir='ltr'>inspiret</span> <span class='ocrx_word' id='word_1_236' title='bbox 844 3167 953 3226; x_wconf 90' lang='lat' dir='ltr'>homini</span> <span class='ocrx_word' id='word_1_237' title='bbox 984 3168 1107 3227; x_wconf 85' lang='lat' dir='ltr'>caelitus</span> 
     </span>
     <span class='ocr_line' id='line_1_33' title="bbox 191 3256 1108 3333; baseline 0.001 -17"><span class='ocrx_word' id='word_1_238' title='bbox 191 3259 323 3317; x_wconf 89' lang='lat' dir='ltr'>immissa</span> <span class='ocrx_word' id='word_1_239' title='bbox 350 3258 467 3333; x_wconf 89' lang='lat' dir='ltr'>religio,</span> <span class='ocrx_word' id='word_1_240' title='bbox 495 3257 606 3315; x_wconf 89' lang='lat' dir='ltr'>nullam</span> <span class='ocrx_word' id='word_1_241' title='bbox 633 3256 804 3332; x_wconf 84' lang='lat' dir='ltr'>investigari</span> <span class='ocrx_word' id='word_1_242' title='bbox 831 3257 953 3315; x_wconf 87' lang='lat' dir='ltr'>credunt</span> <span class='ocrx_word' id='word_1_243' title='bbox 979 3257 1108 3317; x_wconf 90' lang='lat' dir='ltr'>humana</span> 
     </span>
     <span class='ocr_line' id='line_1_34' title="bbox 191 3346 1107 3423; baseline 0 -18"><span class='ocrx_word' id='word_1_244' title='bbox 191 3348 300 3407; x_wconf 90' lang='lat' dir='ltr'>ratione</span> <span class='ocrx_word' id='word_1_245' title='bbox 315 3349 473 3423; x_wconf 77' lang='lat' dir='ltr'>veriorem3</span> <span class='ocrx_word' id='word_1_246' title='bbox 498 3366 555 3423; x_wconf 91' lang='lat' dir='ltr'>qua</span> <span class='ocrx_word' id='word_1_247' title='bbox 578 3347 609 3405; x_wconf 90' lang='lat' dir='ltr'>in</span> <span class='ocrx_word' id='word_1_248' title='bbox 632 3365 664 3404; x_wconf 91' lang='lat' dir='ltr'>re</span> <span class='ocrx_word' id='word_1_249' title='bbox 686 3352 802 3404; x_wconf 88' lang='lat' dir='ltr'>rectene</span> <span class='ocrx_word' id='word_1_250' title='bbox 821 3364 858 3403; x_wconf 90' lang='lat' dir='ltr'>an</span> <span class='ocrx_word' id='word_1_251' title='bbox 873 3363 958 3404; x_wconf 91' lang='lat' dir='ltr'>secus</span> <span class='ocrx_word' id='word_1_252' title='bbox 973 3346 1107 3419; x_wconf 89' lang='lat' dir='ltr'>sentiant,</span> 
     </span>
     <span class='ocr_line' id='line_1_35' title="bbox 192 3434 1107 3513; baseline -0.002 -17"><span class='ocrx_word' id='word_1_253' title='bbox 192 3443 331 3497; x_wconf 90' lang='lat' dir='ltr'>excutere</span> <span class='ocrx_word' id='word_1_254' title='bbox 353 3455 407 3495; x_wconf 91' lang='lat' dir='ltr'>nos</span> <span class='ocrx_word' id='word_1_255' title='bbox 430 3455 524 3513; x_wconf 90' lang='lat' dir='ltr'>neque</span> <span class='ocrx_word' id='word_1_256' title='bbox 547 3441 664 3511; x_wconf 89' lang='lat' dir='ltr'>tempus</span> <span class='ocrx_word' id='word_1_257' title='bbox 683 3434 793 3511; x_wconf 89' lang='lat' dir='ltr'>patitur</span> <span class='ocrx_word' id='word_1_258' title='bbox 808 3452 902 3510; x_wconf 90' lang='lat' dir='ltr'>neque</span> <span class='ocrx_word' id='word_1_259' title='bbox 917 3453 1037 3493; x_wconf 90' lang='lat' dir='ltr'>necesse</span> <span class='ocrx_word' id='word_1_260' title='bbox 1052 3443 1107 3509; x_wconf 87' lang='lat' dir='ltr'>est,</span> 
     </span>
     <span class='ocr_line' id='line_1_36' title="bbox 146 3523 1108 3604; baseline -0.001 -20"><span class='ocrx_word' id='word_1_261' title='bbox 146 3541 173 3584; x_wconf 76' lang='lat'>35</span> <span class='ocrx_word' id='word_1_262' title='bbox 193 3527 301 3604; x_wconf 91' lang='lat' dir='ltr'>quippe</span> <span class='ocrx_word' id='word_1_263' title='bbox 320 3527 371 3604; x_wconf 91' lang='lat' dir='ltr'>qui</span> <span class='ocrx_word' id='word_1_264' title='bbox 385 3526 528 3584; x_wconf 90' lang='lat' dir='ltr'>narranda</span> <span class='ocrx_word' id='word_1_265' title='bbox 544 3543 646 3585; x_wconf 90' lang='lat' dir='ltr'>eorum</span> <span class='ocrx_word' id='word_1_266' title='bbox 659 3524 800 3598; x_wconf 88' lang='lat' dir='ltr'>instituta,</span> <span class='ocrx_word' id='word_1_267' title='bbox 823 3541 881 3582; x_wconf 92' lang='lat' dir='ltr'>non</span> <span class='ocrx_word' id='word_1_268' title='bbox 894 3523 982 3582; x_wconf 90' lang='lat' dir='ltr'>etiam</span> <span class='ocrx_word' id='word_1_269' title='bbox 998 3525 1108 3583; x_wconf 87' lang='lat' dir='ltr'>tuenda</span> 
     </span>
    </p>
   </div>
   <div class='ocr_carea' id='block_1_3' title="bbox 0 0 1264 4020">
    <p class='ocr_par' dir='ltr' id='par_1_3' title="bbox 0 0 1264 4020">
     <span class='ocr_line' id='line_1_37' title="bbox 0 0 1264 4020; baseline 0 0"><span class='ocrx_word' id='word_1_270' title='bbox 0 0 1264 4020; x_wconf 95' lang='lat' dir='ltr'> </span> 
     </span>
    </p>
   </div>
  </div>
 </body>
</html>
