2512 4020
151 305 213 363 112
507 321 611 374 uonvs,
635 321 747 364 vrorm.

190 500 238 559 his
261 498 446 576 pmspicitur,
475 499 526 575 qui
553 516 632 558 nunc
659 499 784 576 impotes
812 500 881 559 olim
904 502 1110 560 laboraverunt

192 607 280 665 quam
302 588 358 661 his,
382 588 431 665 qui
455 605 534 646 nunc
556 587 707 647 laborant?
734 589 792 647 Hic
813 589 920 666 aliquis
935 589 1023 648 velim
1039 608 1108 649 cnm

191 678 248 736 hac
270 677 414 754 aequitate
437 677 542 735 audeat
563 676 688 735 elianam
709 677 852 736 iustitiam
874 678 1008 753 gentium
1029 697 1108 738 oom-

191 784 302 843 parare
316 766 395 842 apud
405 783 478 842 quas
494 765 658 841 dispeream
676 766 701 824 si
716 766 810 824 ullum
824 785 945 842 prorsus
959 768 1108 844 comperio

158 855 320 914 siustitiae
351 855 570 931 aequitatisque
601 854 775 930 vestigium!
814 855 891 914 Nam
924 874 1001 933 quae
1034 857 1109 916 haec

191 944 303 1002 iustitia
340 949 401 1017 est,
437 949 471 1002 ut
503 943 608 1002 nobilis
644 943 791 1021 quispiam
827 950 878 1003 aut
911 945 1026 1004 aurifex
1058 954 1109 1004 aut

190 1034 356 1092 faenerator
377 1038 428 1092 aut
451 1032 577 1109 denique
600 1032 675 1091 alius
689 1032 846 1110 quisquam
864 1051 974 1106 eorum,
991 1033 1044 1110 qui
1058 1042 1109 1093 aut

192 1122 309 1181 omnino
337 1122 410 1180 nihil
432 1127 533 1196 agunt
561 1121 665 1180 antid
688 1122 766 1198 quod
789 1127 881 1198 agunt
904 1122 969 1181 eius
991 1123 1108 1198 generis

192 1217 245 1286 est,
269 1218 382 1270 utnon
406 1211 445 1269 611
472 1211 515 1269 rei
543 1210 676 1287 publicae
699 1205 875 1288 magnopere
899 1211 1108 1285 necessarium,

91 1361 94 1364 1
147 1314 173 1354 10
190 1302 302 1360 lautam
328 1319 363 1359 ac
394 1298 578 1376 splendidam
601 1299 692 1358 vitam
715 1300 763 1358 vel
791 1319 830 1358 ex
853 1301 912 1359 otio
935 1300 982 1359 vel
1006 1318 1109 1376 super-

186 1408 283 1473 ·vacuo
306 1389 423 1465 negotio
446 1394 651 1465 consequatur,
674 1406 742 1447 cum
765 1389 882 1448 interim
905 1389 1108 1462 mediastinus,

190 1479 306 1554 auriga,
336 1479 429 1552 faber,
457 1477 584 1553 agricola
611 1482 691 1536 tanto
718 1483 837 1554 tamque
860 1479 978 1537 assiduo
1001 1479 1109 1552 labore,

192 1586 280 1643 quam
294 1568 345 1625 vix
363 1568 493 1627 iumenta
517 1567 687 1636 sustineant
711 1571 771 1624 tam
793 1567 968 1640 necessario,
991 1574 1025 1626 nt
1044 1569 1110 1626 sine

191 1675 225 1715 eo
252 1675 289 1715 ne
316 1675 408 1714 111111
439 1655 557 1733 quidem
584 1673 693 1713 annum
721 1655 814 1731 possit
841 1656 902 1714 ulla
930 1656 1036 1715 dirrare
1059 1675 1109 1716 res

147 1757 173 1798 m
191 1745 316 1822 publica,
344 1745 456 1804 rictum
478 1750 577 1803 tamen
599 1743 672 1803 adeo
695 1744 858 1819 malignum
880 1751 991 1821 parant,
1017 1745 1107 1804 vitam

191 1834 264 1893 adeo
291 1834 430 1892 miseram
458 1833 581 1906 ducunt,
609 1838 642 1891 ut
669 1834 757 1908 longe
775 1833 876 1909 potior
898 1834 992 1892 rideri
1015 1835 1110 1911 possit

191 1923 322 1982 condicio
345 1923 552 1995 iumentonrm‚
575 1921 682 1999 quibus
699 1928 829 1981 nectam
848 1929 1012 1999 perpetuus
1026 1923 1110 1982 labor

190 2030 246 2071 166
267 2013 364 2071 victus
391 2012 484 2069 multo
512 2011 641 2071 deterior
663 2016 709 2070 est
731 2015 760 2069 et
782 2011 856 2087 ipsis
879 2011 967 2070 etiam
992 2013 1110 2071 suavior

189 2119 245 2160 nee
268 2101 347 2159 ullus
369 2099 487 2159 interim
510 2099 669 2158 defuturo
696 2099 803 2158 timor?
836 2101 951 2159 Athos
975 2107 1005 2159 et
1028 2100 1135 2160 labor·

144 2201 173 2243 ao
191 2190 299 2249 sterilis
328 2196 416 2267 atque
448 2189 650 2247 infructuosus
680 2189 710 2246 in
740 2189 887 2265 praesenti
918 2189 1050 2249 stimulat
1078 2199 1109 2249 et

190 2279 286 2356 inopis
318 2279 478 2338 recordatio
511 2278 672 2338 senectutis
705 2277 826 2352 occidit,
859 2277 968 2354 quippe
1000 2279 1109 2355 quibus

190 2369 305 2445 parcior
326 2374 372 2427 est
395 2369 498 2426 diuma
521 2385 641 2440 merces,
665 2385 753 2444 quam
776 2373 809 2426 ut
830 2367 926 2426 eidem
940 2367 1034 2443 possit
1048 2368 1107 2426 diei

192 2458 343 2516 sufficere:
368 2460 481 2516 tantum
507 2458 597 2531 abest,
621 2461 655 2515 ut
677 2461 828 2515 excrescat
850 2462 881 2515 et
903 2456 1032 2532 supersit
1054 2457 1108 2516 ali·

191 2545 270 2622 quid,
294 2546 372 2622 quod
395 2546 514 2605 cottidie
537 2551 625 2622 queat
648 2547 678 2604 in
702 2545 863 2604 senectutis
886 2563 973 2604 usum
987 2546 1106 2621 reponi!

145 2646 172 2687 aa
191 2636 237 2694 An
260 2652 318 2692 non
342 2635 413 2692 haec
436 2634 535 2711 iniqua
558 2640 604 2693 est
627 2641 657 2693 et
679 2635 792 2709 ingrata
815 2634 1007 2711 respublica,
1031 2653 1107 2711 quae

191 2723 350 2798 generosis
373 2728 533 2796 1111661111,
556 2729 585 2782 et
607 2723 776 2783 aurificibus
790 2730 819 2783 et
831 2724 861 2782 id
876 2741 971 2798 genus
985 2723 1107 2800 reliquis

190 2818 241 2871 aut
264 2813 365 2871 otiosis
387 2818 438 2871 aut
461 2817 575 2870 tantum
598 2812 798 2871 adulatoribus
816 2819 846 2871 61
858 2813 990 2871 inanium
1003 2812 1107 2890 volup-

190 2906 283 2959 tatmn
297 2901 457 2960 artificibus
473 2905 553 2960 tanta
567 2919 688 2959 munera
700 2902 836 2977 prodigit,
848 2901 984 2976 agricolis
997 2907 1106 2972 contra,

191 2990 373 3063 carbonariis⁷
397 2990 588 3063 mediastinis,
612 2990 722 3065 aurigis
746 2990 897 3063 6111111116,
921 2991 984 3058 sine
1000 2990 1106 3067 quibus

144 3090 173 3131 ao
191 3078 271 3137 nulla
292 3080 409 3137 omnino
431 3097 479 3138 res
493 3078 609 3155 publica
623 3086 710 3152 esset,
728 3078 802 3136 nihil
817 3078 941 3153 benigne
956 3079 1105 3156 prospicit,

192 3167 244 3225 sed
277 3186 378 3226 eorum
415 3168 546 3227 florentis
577 3167 684 3244 aetatis
716 3168 807 3227 abusa
838 3167 985 3226 laboribus
1022 3168 1106 3227 annis
1175 3171 1180 3180 '

145 3267 214 3321 pava]
242 3257 360 3316 tandem
384 3275 419 3316 ac
441 3257 541 3315 morbo
559 3274 674 3332 graves,
698 3256 828 3315 omnium
848 3253 851 3335 Ι
872 3274 971 3315 rerum
990 3257 1106 3332 indigos

190 3350 234 3403 tot
249 3345 415 3419 m'giliarum
438 3346 599 3419 immemor,
623 3351 666 3404 tot
679 3364 724 3404 ae
746 3351 893 3404 tantorum
913 3345 1002 3405 oblita
1021 3347 1106 3405 bene·

190 3434 323 3492 liciorum
339 3435 504 3494 nuserrima
520 3439 612 3493 morte
628 3439 767 3510 repensat
779 3434 999 3509 ingratissima?
1021 3433 1106 3508 Quid,

143 3536 171 3577 eo
191 3524 268 3600 quod
299 3542 337 3582 ex
364 3523 468 3582 diurno
497 3541 661 3599 pauperum
690 3524 830 3582 demenso
857 3523 963 3582 divites
986 3524 1107 3583 cottidie

664 3746 809 3793 m.
