2512 4020
503 301 606 355 nosve,
630 301 741 342 vrorrn:

189 478 295 554 quibus
333 478 402 536 nihil
443 484 488 537 est
519 479 617 537 minus
649 497 765 537 novum.
818 477 894 537 Nam
926 478 1042 553 Scyllas
1075 485 1104 537 et

189 567 329 626 Celaenos
358 585 476 644 rapaces
504 576 534 626 et
559 567 766 642 Laestrigonas
795 567 985 644 populivoros
1017 573 1104 643 atque

189 656 368 715 eiuscemodi
397 657 536 716 immania
562 661 696 733 portenta
722 674 868 733 nusquam
897 657 957 715 tere
980 675 1038 715 non
1062 656 1104 714 in·

188 745 300 818 veniae,
332 750 363 803 at
392 763 462 803 sane
491 765 526 804 ac
556 746 704 821 sapienter
735 745 885 805 institutos
915 745 995 804 cives
1025 745 1104 803 hand

157 847 170 895 o
188 834 318 910 reperias
340 833 471 893 ubilibet.
504 835 643 894 Ceterum
666 840 699 893 ut
721 835 814 893 multa
836 834 915 911 apud
933 851 1025 893 novos
1038 834 1105 893 illos

188 923 312 999 populos
335 923 484 982 adnotavit
506 942 658 1000 perperam
681 923 822 996 consulta,
846 923 889 982 sic
911 923 991 982 haud
1012 941 1106 999 pauca

189 1012 351 1085 recensuit,
390 1012 468 1071 unde
504 1013 618 1089 possint
649 1012 784 1088 exempla
817 1013 892 1070 sumi
924 1012 1106 1087 corrigendis

190 1102 294 1159 hanun
312 1101 436 1174 urbium,
459 1102 618 1174 nationum,
635 1101 768 1176 gentium
781 1120 816 1160 ac
829 1119 987 1176 regnorum
1001 1101 1106 1160 errori-

190 1191 245 1248 bus
267 1190 379 1263 idonea,
402 1190 467 1263 alio,
496 1197 529 1249 ut
551 1190 622 1262 dixi,
645 1191 708 1248 loco
731 1208 819 1249 ame
842 1190 1103 1248 commemoranda.

146 1292 172 1332 10
189 1277 276 1339 Nunc
297 1297 331 1339 ea
353 1285 468 1338 tantum
490 1281 598 1338 referre
620 1280 736 1338 animus
760 1285 806 1339 est
822 1297 903 1356 ¹<puae
925 1278 961 1337 de
975 1279 1107 1338 moribus

189 1374 278 1444 atque
291 1368 435 1427 institutis
448 1370 583 1427 narrabat
589 1368 802 1445 Vtopiensium,
826 1368 986 1444 praemisso
1006 1375 1105 1427 tamen

190 1476 224 1517 eo
240 1476 382 1530 sermone,
392 1477 450 1534 quo
460 1458 541 1516 velut
555 1463 651 1516 tractu
661 1457 786 1534 quodam
798 1457 835 1515 ad
850 1457 914 1516 eius
927 1457 1107 1516 mentionem

189 1547 232 1605 rei
256 1546 390 1623 publicae
413 1546 572 1606 deventum
594 1552 648 1606 est.
810 1559 812 1564 '

147 1647 217 1702 [airu]
268 1636 344 1694 Nam
363 1632 367 1708 Ι
388 1654 457 1694 oum
487 1636 619 1712 Raphael
650 1635 879 1712 prudentissime
910 1634 1109 1694 recensuisset

147 1738 173 1778 rs
191 1725 249 1784 alia
270 1725 327 1798 hic,
350 1724 406 1783 alia
428 1725 490 1784 illic
504 1730 606 1798 errata,
630 1725 783 1802 utrobique
797 1731 877 1783 certe
891 1723 1025 1800 plurima,
1042 1729 1108 1782 tum

190 1832 265 1893 quae
294 1814 373 1890 apud
402 1832 456 1872 nos
486 1832 597 1892 quaeve
624 1814 696 1872 item
725 1819 794 1872 sunt
820 1813 899 1890 apud
926 1812 993 1871 illos
1021 1819 1109 1872 cauta

191 1903 365 1980 sapientius,
399 1922 466 1962 cum
499 1903 730 1979 uniuscuiusque
760 1902 862 1979 populi
890 1919 987 1960 mores
1017 1908 1109 1979 atque

191 1993 324 2051 instituta
347 1992 389 2051 sio
411 1998 533 2065 teneret,
557 1998 704 2068 tanquam,
727 1991 758 2049 in
779 2008 995 2068 quemcumque
1008 1991 1108 2049 locum

190 2081 365 2154 divertisset,
379 2087 469 2140 totam
484 2080 624 2140 ibivitam
638 2081 751 2139 vixisse
765 2080 923 2152 videretur,
945 2079 1110 2138 admiratur

146 2183 172 2224 20
191 2171 339 2230 hominem
356 2171 470 2229 Petrus.
493 2170 591 2229 ‘Miror
609 2171 746 2246 profecto,
770 2170 812 2227 mi
827 2168 978 2246 Raphael’,
1002 2168 1109 2246 inquit,

191 2264 252 2318 ‘cur
260 2266 289 2318 te
298 2259 363 2334 regi
371 2260 498 2336 cuipiam
512 2277 570 2318 non
583 2260 734 2334 adiungas,
745 2277 870 2336 quorum
884 2257 1031 2316 neminem
1039 2275 1109 2317 esse

192 2349 262 2407 satis
286 2349 356 2425 scio,
380 2349 427 2408 cui
450 2355 563 2407 tunon
587 2349 628 2407 sis
646 2349 764 2407 futurus
781 2348 973 2407 vehementer
994 2352 1108 2422 gratus,

191 2444 292 2514 utpote
308 2456 396 2514 quern
406 2439 462 2497 hac
475 2437 607 2497 doctrina
624 2443 712 2513 atque
728 2438 784 2496 hac
797 2436 928 2496 locorum
941 2435 1109 2494 hominum-

192 2544 249 2603 que
272 2527 376 2602 peritia
393 2545 453 2585 non
468 2527 614 2586 oblectare
631 2527 734 2598 solum,
758 2526 811 2585 sed
829 2525 974 2600 exemplis
991 2543 1110 2602 quoque

147 2628 173 2669 as
192 2617 338 2675 instruere
366 2622 454 2692 atque
480 2616 619 2674 adiuvare
647 2615 768 2674 consilio
792 2615 833 2673 sis
855 2615 990 2687 idoneus,
1019 2613 1110 2672 simul

192 2705 247 2764 hoc
269 2710 354 2781 pacto
377 2710 407 2764 et
429 2705 488 2764 tuis
506 2706 593 2763 rebus
608 2705 726 2779 egregie
743 2703 926 2763 considueris
943 2708 973 2762 et
989 2709 1109 2762 tuorum

192 2794 320 2853 omnium
355 2794 516 2853 commodis
552 2810 658 2869 magno
695 2811 760 2852 esse
792 2793 960 2851 adiumento
992 2790 1109 2868 possis.y

193 2882 285 2956 ‘Quod
312 2882 349 2942 ad
372 2901 454 2942 ineos
477 2882 599 2956 attinet,
627 2882 722 2959 inquit
743 2882 801 2954 ille,
831 2885 897 2940 ‘non
920 2881 1007 2940 valde
1029 2898 1110 2939 com-

193 2990 320 3044 moveor,
343 2990 451 3048 nempe
474 2972 504 3029 in
527 2990 601 3048 quos
625 2965 808 3031 mediocriter
830 2970 933 3047 opinor
954 2989 1002 3029 me
1019 2969 1110 3028 officii

147 3073 175 3116 ’ao
192 3061 251 3119 mei
278 3066 375 3136 partes
402 3061 580 3137 implevisse.
626 3059 702 3119 Nam
730 3060 835 3137 quibus
863 3059 951 3118 rebus
977 3058 1027 3118 alii
1050 3076 1110 3117 non

192 3149 248 3207 uisi
272 3167 357 3228 sepes
381 3157 411 3208 et
433 3150 514 3225 aegri
537 3149 653 3221 cedunt,
684 3149 857 3208 immotum
881 3166 998 3225 quoque
1021 3165 1111 3224 aegre

193 3238 313 3311 cedunt,
341 3257 410 3297 curn
436 3239 564 3314 amplius
592 3238 718 3297 retinere
742 3257 800 3297 non
823 3243 960 3314 possunt,
988 3255 1038 3296 eas
1062 3254 1111 3296 res

193 3345 248 3402 ego
271 3344 329 3385 non
352 3345 441 3386 sanus
464 3327 550 3385 modo
571 3345 606 3385 ac
625 3334 756 3402 vegetus,
778 3327 832 3386 sed
854 3326 969 3386 iuvenis
992 3344 1112 3404 quoque

158 3464 159 3469 ,
193 3417 324 3491 cognatis
347 3417 507 3493 amicisque
530 3416 698 3492 dispartivi3
727 3434 801 3493 quos
829 3416 936 3474 debere
959 3423 1031 3492 puto
1055 3416 1112 3474 hac

148 3516 175 3559 aa
194 3523 258 3564 mea
280 3523 346 3564 esse
365 3505 543 3580 benignitate
559 3510 711 3564 contentos
730 3523 825 3581 neque
839 3504 868 3563 id
882 3505 1003 3581 exigere
1021 3511 1112 3584 atque
