2512 4020
173 279 213 337 el
532 296 635 351 uonrs,
659 295 770 336 morra.

281 473 337 531 Hic
360 473 488 549 populus
505 472 674 548 quingentis
688 490 830 548 passuum
844 472 963 530 milibus
977 473 1013 531 ab
1024 472 1133 549 Vtopia

214 562 305 621 distat
323 562 466 621 orientem
481 561 572 620 solem
586 579 699 634 versus,
723 561 867 631 horridus,
882 561 1015 636 agrestis,
1029 562 1130 637 ferox;

215 651 304 709 silvas
328 656 500 726 montesque
522 668 651 726 asperos,
675 650 783 726 quibus
798 656 867 708 sunt
880 649 1022 723 innutriti,
1046 669 1131 726 prae-

214 741 321 798 ferunt.
353 740 434 798 Dura
456 757 537 814 gens,
560 744 670 811 aestus,
693 739 811 813 trigoris
832 745 863 797 et
880 739 987 798 laboris
1007 739 1131 815 patiens

183 841 196 881 a
215 829 387 888 deliciarum
410 846 516 904 expers
539 828 668 887 omnium
686 846 783 904 neque
796 828 993 902 agriculturae
1009 829 1131 887 studens

170 928 218 983 [aa]
248 923 278 976 et
306 935 373 975 cnm
404 917 484 976 aedi·
509 916 512 997 l
538 917 673 975 liciorum
704 922 768 975 tum
798 917 924 975 vestitus
955 917 1131 992 indiligens3

214 1025 356 1082 pecorum
386 1006 539 1064 dumtaxat
570 1024 670 1064 curam
697 1006 813 1064 habent.
858 1005 965 1081 Magna
987 1024 1025 1064 ex
1048 1012 1132 1082 parte

214 1101 321 1153 venatu
345 1101 374 1153 et
396 1100 483 1170 raptu
496 1095 607 1152 vivunt.
640 1094 687 1152 Ad
711 1095 806 1153 solum
830 1094 941 1153 bellum
955 1095 1025 1168 nati,
1045 1095 1132 1154 ouius

215 1184 336 1259 gerendi
359 1184 527 1242 facultatem
542 1183 673 1242 studiose
688 1188 840 1259 quaerunt,
864 1188 1010 1259 repertam
1023 1184 1132 1260 cupide

171 1284 195 1326 10
215 1272 434 1349 amplectuntur
456 1278 486 1332 et
508 1290 614 1347 magno
637 1291 758 1332 numero
782 1272 896 1347 egressi
918 1272 1014 1331 cuivis
1032 1273 1132 1349 requi-

214 1362 293 1421 renti
319 1361 430 1421 milites
453 1361 506 1420 vili
534 1366 627 1420 semet
655 1362 788 1419 offerunt.
833 1361 918 1419 Hane
940 1380 1030 1420 unam
1053 1362 1132 1421 vitae

213 1457 309 1510 artem
340 1456 497 1524 noverunt,
528 1469 586 1527 qua
616 1468 696 1509 mors
725 1450 884 1526 quaeritur.
931 1449 991 1509 Sub
1022 1451 1132 1526 quibus

214 1545 337 1613 merent,
368 1539 475 1598 acriter
502 1558 555 1615 pro
583 1539 630 1597 his
653 1545 683 1598 et
705 1539 876 1614 incorrupta
897 1539 959 1597 fide
982 1540 1131 1598 dimicant.

214 1628 327 1687 Verum
350 1628 380 1686 in
403 1629 519 1687 nullum
541 1633 656 1686 certum
678 1627 756 1686 diem
778 1646 844 1686 sese
858 1628 1053 1703 obstringunt,
1077 1630 1133 1687 sed

170 1730 196 1770 15
216 1736 251 1776 ea
280 1718 347 1792 lege
376 1717 408 1775 in
437 1722 537 1793 partes
567 1717 701 1790 veniunt,
731 1722 765 1775 ut
793 1722 910 1792 postero
940 1717 988 1776 die
1015 1718 1065 1776 vel
1094 1719 1132 1776 ab

214 1807 348 1865 hostibus
376 1806 471 1865 oblato
498 1806 609 1865 maiore
637 1806 784 1882 stipendio
808 1807 869 1865 sint
892 1806 1009 1882 staturi;
1040 1806 1133 1865 iidem

214 1895 354 1972 perendie
377 1913 482 1954 rursus
504 1895 618 1953 invitati
645 1895 781 1971 plusculo
804 1896 973 1970 remigrant.
1018 1895 1132 1954 Rarum

215 1985 307 2043 oritur
321 1984 440 2058 bellum,
462 1984 494 2042 in
511 2003 568 2061 qno
584 2002 642 2042 non
657 1985 731 2042 bona
744 2002 813 2060 pars
828 1984 945 2043 illorrnn
959 1984 991 2041 in
1004 1990 1132 2061 utroque

215 2074 274 2132 sint
304 2073 444 2132 exercitu.
482 2073 587 2149 Itaque
614 2073 722 2132 accidit
751 2073 884 2145 cottidie,
914 2079 948 2131 ut
977 2073 1132 2148 sanguinis

169 2173 197 2215 20
214 2162 432 2221 necessitudine
456 2162 612 2234 commoti,
636 2162 731 2238 quiet
748 2161 856 2220 iisdem
869 2162 901 2219 in
914 2162 1047 2237 partibus
1062 2181 1132 2220 con-

214 2251 296 2309 ducti
326 2251 552 2309 familiarissime
583 2256 677 2309 semet
698 2251 824 2309 invicem
847 2251 1012 2323 utebantur,
1041 2253 1132 2326 paulo

215 2346 282 2416 post
304 2340 334 2397 in
359 2340 517 2398 contrarias
538 2340 672 2398 distracti
686 2339 784 2415 copias
800 2340 942 2398 hostiliter
955 2347 1133 2400 concurrant

214 2434 245 2488 et
268 2428 383 2487 infestis
397 2429 511 2501 animis,
534 2429 617 2488 obliti
631 2429 758 2504 generis,
781 2428 969 2487 immemores
982 2429 1132 2489 amicitiae

214 2523 316 2575 mutuo
345 2535 411 2576 sese
438 2517 603 2576 confodiant
637 2518 719 2576 nulla
744 2517 801 2576 alia
828 2536 916 2575 eausa
942 2518 974 2576 in
996 2523 1132 2576 mutuam

169 2617 196 2659 25
214 2606 327 2665 incitati
349 2606 518 2682 perniciem,
548 2625 636 2683 quam
659 2607 737 2683 quod
760 2626 777 2664 a
801 2606 925 2665 diversis
948 2607 1133 2683 principibus

182 2685 185 2690 ⁴
214 2695 322 2770 exigua
345 2695 500 2771 pecuniola
523 2696 669 2769 conducti,
693 2695 778 2754 cuius
799 2700 859 2754 tam
872 2701 1005 2754 exactam
1022 2697 1133 2755 habent

213 2784 365 2857 rationem,
389 2790 423 2843 ut
445 2783 482 2842 ad
506 2784 644 2842 diurnum
664 2784 842 2860 stipendium
857 2785 945 2842 unius
959 2785 1132 2845 accessione

214 2873 289 2932 assis
313 2873 400 2931 facile
422 2873 460 2930 ad
483 2865 703 2932 commutandas
726 2879 825 2950 partes
847 2873 1044 2950 impellantm.
1086 2875 1133 2933 Ita

215 2962 350 3021 celeriter
376 2962 552 3021 imbiberunt
581 2962 741 3036 avaritiam,
770 2981 844 3039 quae
866 2968 964 3022 tamen
986 2963 1061 3021 nulli
1086 2969 1133 3023 est

168 3063 196 3104 ao
214 3051 257 3109 eis
279 3051 355 3110 usin.
391 3050 468 3110 Nam
491 3069 566 3128 quae
590 3051 732 3126 sanguine
755 3056 906 3128 quaerunt,
926 3051 1060 3128 protinus
1077 3071 1133 3130 per

213 3140 319 3198 luxum
342 3144 373 3199 et
395 3158 463 3199 eum
486 3146 585 3199 tamen
607 3141 749 3198 miserum
772 3146 956 3199 consumunt.

280 3229 338 3287 Hic
351 3229 695 3305 populuthopiensibus
704 3230 847 3288 adversus
857 3229 976 3306 quosvis
990 3231 1133 3289 mortales

212 3317 333 3392 militat,
364 3318 442 3394 quod
470 3319 544 3377 tanti
571 3319 607 3376 ab
630 3318 677 3376 his
700 3336 802 3376 eorum
829 3318 1011 3377 conducatur
1032 3337 1133 3394 opera,

214 3407 315 3484 quanti
339 3425 484 3483 nusquam
506 3407 590 3482 alibi;
614 3407 791 3483 Vtopienses
815 3406 959 3483 siquidem
982 3413 1016 3466 ut
1039 3408 1134 3467 bonos

168 3508 196 3549 aa
214 3502 371 3572 quaerunt,
404 3496 511 3572 quibus
539 3500 671 3569 utantur,
701 3497 743 3554 ita
770 3497 824 3554 hos
852 3514 968 3572 quoque
995 3496 1133 3557 homines
