2512 4020
504 284 611 347 MORVS,
634 285 747 325 VTOPIA.

176 480 282 538 nuper
298 461 411 536 ingenti
427 461 556 520 omnimn
570 462 765 537 gratulatione
779 461 937 538 praefecit;
962 461 1000 520 de
1020 462 1106 521 cuius

190 569 259 609 saue
281 550 419 609 laudibus
441 550 516 608 nihil
538 570 556 608 a
579 569 626 610 me
649 551 776 628 dicetur,
804 569 863 609 non
891 551 970 628 quod
993 569 1106 625 verear,

188 657 226 698 ne
252 658 357 716 parum
380 639 511 698 sincerae
539 639 608 697 fidei
636 640 721 699 testis
748 639 882 699 habenda
909 640 947 698 sit
969 640 1106 712 amicitia,

190 728 241 787 sed
270 729 348 805 quod
375 728 469 787 virtus
499 728 562 787 eius
590 747 625 787 ac
652 729 784 787 doctrina
812 728 904 787 maior
927 734 985 802 est,
1016 748 1105 807 quam

158 822 222 876 sut
244 836 261 875 a
283 836 332 876 me
354 817 518 894 praedicari
541 817 646 894 possit,
673 824 739 876 tum
765 817 859 876 notior
886 818 995 895 ubique
1017 824 1106 895 atquc

189 905 352 985 inlustrior,
381 925 470 983 quam
497 912 530 964 ut
552 906 670 980 debeat,
698 907 756 965 nisi
779 906 871 965 videri
894 907 984 988 velim
1013 907 1106 966 solem

189 995 324 1067 lucerna,
359 995 438 1071 quod
467 996 563 1069 aiunt,
593 996 754 1054 ostendere.
794 993 992 1055 Occurreruut
1021 996 1107 1055 nobis

189 1083 298 1159 Brngis
326 1084 379 1162 (sic
408 1084 486 1142 enirn
514 1084 700 1159 convenerat)
727 1084 771 1158 hi,
803 1084 911 1161 quibus
933 1104 951 1143 a
973 1085 1107 1162 principe

189 1173 339 1248 negotium
367 1173 608 1247 demandabatur,
638 1173 749 1249 egregii
773 1173 827 1232 viri
858 1190 974 1233 omnes:
1005 1174 1035 1232 in
1050 1174 1107 1250 ,his

147 1273 172 1315 10
190 1262 359 1337 praefectus
395 1261 567 1336 Brugensis,
598 1262 644 1320 vir
680 1262 868 1337 magnificus,
905 1262 1042 1339 princeps
1078 1269 1108 1322 et

189 1356 277 1426 caput
299 1356 370 1424 erat,
394 1355 524 1409 ceterum
547 1368 580 1409 os
603 1357 633 1410 et
650 1356 756 1427 pectus
771 1349 916 1428 Georgius
932 1351 1107 1425 Temsicius,

191 1439 390 1498 Oassiletauus
403 1439 597 1516 praepositus,
621 1458 679 1498 non
694 1445 757 1498 arte
773 1441 877 1514 solum,
900 1440 1108 1500 verumetiam

189 1534 292 1587 natura
305 1529 458 1602 facundus,
481 1529 519 1586 ad
537 1529 610 1587 haec
622 1528 685 1588 iure
699 1529 946 1604 consultissimus,
955 1529 1108 1589 tractandi

190 1636 257 1676 vero
286 1617 397 1693 negotii
427 1636 494 1675 curn
523 1617 639 1694 ingenio
669 1623 734 1676 tum
766 1618 885 1678 assiduo
917 1637 1018 1678 rerum
1048 1637 1108 1678 usu

146 1706 317 1787 rscximius
340 1707 455 1765 artifex.
494 1706 551 1765 Vbi
582 1707 673 1765 semel
703 1712 791 1784 atque
818 1708 928 1767 iterum
957 1708 1108 1784 congressi

189 1796 363 1873 quibusdam
387 1796 424 1854 de
447 1792 535 1854 rebus
558 1814 616 1854 non
640 1796 713 1854 satis
736 1797 978 1870 consentiremus,
1009 1796 1053 1855 illi
1076 1797 1108 1856 in

189 1885 298 1961 aliquot
321 1885 383 1943 dies
407 1884 472 1943 vale
500 1885 584 1943 nobis
612 1884 690 1943 dicto
713 1885 868 1944 Bruxellas
891 1885 1013 1962 proiecti
1037 1892 1109 1944 sunt

189 1974 331 2050 principis
355 1973 506 2033 oraculum
528 1973 710 2032 sciscitaturi.
756 1974 820 2049 Ego
843 1993 890 2033 me
912 1974 1027 2033 iuterim
1052 1975 1110 2052 (sic

159 2117 161 2122 .
189 2063 266 2121 euim
288 2080 336 2121 res
350 2063 473 2138 ferebat)
488 2063 679 2139 Autverpiam
695 2064 826 2144 confero3
849 2064 891 2122 ibi
909 2064 981 2122 dum
997 2081 1108 2136 versor,

145 2163 171 2203 20
190 2169 276 2227 saepe
298 2170 346 2211 me
368 2152 445 2210 inter
467 2151 548 2222 alico,
577 2152 630 2210 sed
658 2170 716 2228 quo
739 2171 797 2211 non
819 2153 894 2211 alius
917 2153 1033 2228 gratior,
1063 2153 1109 2212 in·

189 2241 260 2299 visit
282 2241 387 2300 Petrus
411 2240 562 2316 Aegidius,
591 2241 770 2318 Antverpiae
794 2248 888 2315 natue,
919 2261 1026 2317 magna
1049 2242 1110 2302 fide

190 2335 220 2388 et
233 2329 296 2388 loco
310 2330 389 2406 apud
400 2348 469 2389 suos
483 2331 616 2404 honesto,
639 2324 747 2406 dignus
763 2330 979 2404 honestissimo,
996 2330 1109 2408 quippe

188 2418 303 2477 iuvenis
333 2420 412 2478 haud
441 2419 502 2478 scio
532 2412 680 2478 doctiorne
709 2438 746 2477 au
776 2421 913 2479 moratior
943 2420 1000 2497 (est
1028 2419 1107 2478 euim

189 2513 220 2566 et
254 2508 382 2584 optimus
418 2515 448 2568 et
482 2508 735 2583 litteratissimus),
768 2509 806 2567 ad
840 2509 912 2567 haec
947 2509 1057 2567 auimo
1076 2509 1110 2567 in

145 2607 170 2648 25
191 2607 245 2662 [ajo]
257 2615 358 2655 omnes
368 2596 500 2671 candido,
510 2598 540 2655 iu
550 2598 955 2675 amicosverotampropeuso
964 2592 1106 2680 pectore}

189 2703 301 2759 amore,
329 2687 402 2760 fide,
430 2686 548 2746 adfectu
571 2694 630 2747 tam
655 2687 783 2761 sincere,
813 2694 846 2746 ut
868 2686 919 2745 vix
942 2704 1035 2745 unum
1057 2691 1110 2746 aut

189 2774 314 2833 alterum
345 2793 470 2851 usquam
493 2775 633 2851 invenias,
662 2796 750 2854 quem
773 2775 815 2834 illi
840 2775 949 2835 sentias
973 2775 1109 2835 omnibus

189 2863 335 2922 amicitiae
349 2865 481 2924 numeris
495 2883 561 2924 esse
571 2866 787 2924 conterendum.
811 2866 888 2924 Rara
897 2864 941 2923 illi
950 2863 1108 2940 modestia;

190 2952 300 3010 nemini
329 2952 447 3029 longius
476 2955 560 3012 abest
590 2954 688 3027 tecue,
722 2955 796 3013 nulli
828 2953 1002 3030 simplicitas
1031 2953 1109 3013 inest

145 3052 171 3094 ac
191 3042 378 3119 prudentior,
402 3061 488 3118 porro
512 3060 645 3101 sermone
667 3047 727 3102 tam
741 3043 857 3119 lepidus
871 3049 901 3102 et
913 3048 975 3102 tam
987 3042 1109 3102 innoxie

190 3131 310 3205 facetus
329 3138 361 3191 ut
377 3131 488 3208 patriae
505 3131 686 3190 desiderium
699 3150 734 3191 ac
747 3131 817 3191 laris
834 3132 995 3206 domestici,
1006 3131 1108 3192 uxoris

189 3225 219 3278 et
233 3219 399 3294 liberormn,
423 3238 547 3296 quorum
564 3220 660 3279 studio
673 3221 894 3280 revisendorum
907 3220 996 3280 nimis
1019 3240 1107 3299 quam

190 3309 276 3367 auxie
299 3311 418 3368 tenebar
441 3309 510 3386 (iam
533 3315 596 3367 tum
621 3309 698 3368 enim
714 3309 783 3386 plus
800 3315 937 3387 quattuor
956 3311 1108 3372 mensibus

190 3398 321 3456 affueram
336 3399 441 3472 domo),
464 3416 570 3474 magna
593 3417 632 3457 ex
654 3405 737 3475 parte
760 3398 833 3456 mihi
856 3399 1027 3474 dulcissima
1040 3418 1107 3460 con·

145 3498 172 3538 ot
192 3487 347 3546 suetudine
370 3506 423 3546 sna
446 3492 476 3546 et
498 3486 693 3546 mellitissima
713 3487 945 3548 confabulatione
958 3489 1108 3550 levaverit
