2512 4020
503 336 605 391 monus,
630 336 743 378 vrorm.
1041 320 1102 378 107

189 514 384 572 mediocribus
416 531 483 573 esse
511 513 676 572 virtutibus.
721 513 784 573 Nec
813 533 914 573 eornm
943 515 1105 574 aestimatio

188 603 267 679 apud
297 620 366 661 suos
396 603 491 678 magis
521 621 609 679 quam
636 604 716 679 apud
744 608 860 663 exteras
888 603 976 663 etiam
999 610 1104 679 gentes

188 691 320 764 habetur,
351 692 429 768 quod
458 692 527 750 iude
556 691 640 751 facile
670 697 759 768 patet,
788 693 865 751 unde
892 693 979 751 etiam
1003 698 1104 752 natum

188 786 269 856 puto.
313 779 429 856 Nempe
458 781 685 840 decernentibus
715 780 825 857 proelio
853 782 944 858 copiis
973 799 1104 841 seorsum

156 868 231 927 oilli
255 887 312 928 non
335 869 494 928 admodum
516 870 619 946 procul
638 870 793 929 considunt
811 870 841 927 in
861 871 984 946 genibus
1008 888 1104 930 sacras

188 958 283 1016 induti
296 964 406 1033 vestes3
426 959 518 1018 tensis
533 959 571 1016 ad
584 958 698 1018 caelum
713 958 819 1034 palmis
833 959 959 1035 primum
974 960 1103 1018 omnimo

189 1064 299 1122 paoem,
326 1047 461 1123 proxime
484 1048 546 1106 suis
569 1047 727 1120 sictonam,
756 1048 808 1106 sed
835 1049 931 1107 neutri
955 1054 1102 1107 cruentam

189 1135 267 1211 parti
303 1142 540 1213 comprecantur3
573 1137 757 1196 vincentibus
790 1138 852 1196 suis
884 1137 1044 1196 decurrunt
1074 1137 1104 1195 in

188 1224 280 1284 aciem
313 1225 534 1302 saevientesque
561 1226 591 1283 in
618 1225 788 1302 profligatos
815 1226 962 1284 inhibent:
996 1226 1105 1285 iidisse

144 1319 303 1372 intantum
332 1319 419 1391 atque
447 1312 612 1391 appellasse
639 1320 808 1391 praesentes
838 1314 988 1374 advitam
1019 1315 1104 1389 satis3

189 1402 385 1462 diffluentium
400 1408 551 1462 contactus
563 1404 690 1463 vestium
705 1404 835 1480 reliquas
849 1422 964 1480 quoque
974 1406 1105 1462 fortunas

189 1494 224 1550 ab
248 1492 326 1551 omni
348 1492 492 1551 bellorum
515 1493 619 1552 iniuria
642 1493 780 1552 defendit.
824 1492 887 1566 Qua
909 1511 948 1551 ex
971 1511 1003 1552 re
1026 1493 1104 1569 apud

189 1598 291 1640 omnes
321 1581 450 1657 undique
480 1579 585 1657 gentes
612 1587 692 1640 tanta
718 1581 777 1640 illis
800 1583 961 1655 veneratio,
991 1587 1104 1640 tannim

188 1688 275 1729 verae
289 1670 452 1729 maiestatis
465 1671 598 1744 accessit,
608 1676 641 1729 ut
651 1688 739 1746 saepe
747 1672 783 1728 ab
793 1671 925 1730 hostibus
940 1689 998 1730 non
1007 1672 1104 1729 minus

144 1773 170 1815 15
189 1759 292 1818 salutis
314 1759 351 1817 ad
375 1759 455 1818 cives
477 1760 660 1836 reportarint,
684 1778 772 1836 quam
795 1761 831 1819 ab
854 1760 926 1836 ipsis
949 1759 986 1819 ad
1005 1760 1105 1819 hostes

188 1849 371 1922 attulissent,
407 1849 433 1907 si
467 1848 586 1924 quidem
622 1848 778 1925 aliquando
817 1854 931 1908 constat
968 1848 1105 1907 inclinata

188 1934 309 1997 suorum
338 1936 413 2009 acie,
444 1937 607 2014 desperatis
636 1939 737 2010 rebus,
767 1956 835 1996 cum
862 1938 919 2014 ipsi
947 1937 977 1995 in
1004 1939 1104 2012 fugam

187 2031 379 2099 verterentur,
394 2026 494 2085 hostes
503 2027 533 2084 in
547 2027 667 2085 eaedem
680 2045 715 2085 ac
724 2027 864 2103 praedam
878 2032 1006 2099 ruerent,
1015 2027 1104 2085 inter-

143 2184 144 2188 *
188 2123 277 2179 ventu
302 2115 487 2174 sacerdotnm
509 2115 723 2192 interpellatam
748 2121 876 2191 stragem
898 2133 933 2174 ac
953 2116 1105 2192 diremptis

143 2218 171 2258 ao
188 2205 316 2264 invicem
339 2204 431 2279 copiis
453 2223 557 2280 pacem
580 2205 680 2281 aequis
703 2204 917 2263 conditionibus
940 2222 1006 2263 esse
1027 2223 1105 2262 oom-

189 2294 314 2369 positam
336 2299 425 2369 atque
448 2294 644 2352 constitutam.
685 2293 791 2370 Neque
813 2292 892 2352 enim
906 2312 1036 2369 uuquam
1050 2294 1105 2351 fuit

189 2382 249 2440 ulla
271 2401 344 2458 gens
367 2388 427 2440 tam
451 2384 526 2454 iera,
554 2383 681 2441 erudelis
704 2400 739 2440 ao
761 2383 895 2455 barbara,
924 2382 1003 2458 apud
1031 2401 1104 2458 quos

188 2471 319 2547 ipsorum
349 2489 455 2547 corpus
485 2489 544 2529 non
574 2477 791 2530 sacrosanctum
822 2477 909 2547 atque
936 2471 1104 2530 inviolabile

190 2561 229 2619 sit
252 2561 391 2619 habitum.

143 2661 170 2702 aa
255 2649 357 2708 Festos
380 2649 530 2708 celebrant
552 2649 692 2708 initialem
709 2655 796 2725 atque
810 2649 947 2707 ultimum
963 2649 1105 2725 cuiusque

189 2740 299 2797 mensis
322 2739 399 2797 diem
422 2744 452 2797 et
469 2738 536 2796 anni
554 2739 634 2811 item,
658 2757 746 2815 quem
765 2738 795 2795 in
809 2755 925 2796 menses
939 2738 1105 2813 partiuntur

189 2828 313 2886 circuitu
335 2828 421 2886 lunae
444 2827 550 2900 finitos,
572 2833 612 2886 ut·
628 2828 698 2886 solis
712 2827 839 2885 ambitus
852 2844 962 2884 annum
976 2826 1103 2885 circinat.

188 2916 303 2975 Primos
326 2935 458 2993 quosque
481 2917 544 2975 dies
560 2916 768 2991 Oynemernos
792 2921 954 2992 postremos
973 2915 1104 2991 ipsorum

188 3005 289 3080 lingua
312 3005 526 3081 Trapemernos
548 3005 705 3081 appellant,
728 3023 804 3081 quae
821 3003 961 3063 vocabula
983 3003 1104 3079 perinde

143 3106 171 3146 30
190 3100 302 3168 sonant,
324 3113 359 3153 ac
383 3094 407 3152 si
430 3095 584 3171 primifesti
608 3100 637 3152 et
660 3093 781 3169 finiiesti
804 3091 952 3152 vocentur.

255 3183 382 3242 Delubra
397 3183 533 3242 visuntur
547 3183 674 3258 egregia,
690 3189 790 3259 utpote
804 3201 863 3241 non
875 3200 995 3258 operosa
1009 3183 1103 3255 modo

190 3273 251 3345 sed,
275 3273 354 3348 quod
376 3280 438 3331 erat
453 3273 482 3330 in
496 3278 578 3331 tanta
595 3272 727 3348 ipsorum
739 3271 885 3348 paucitate
899 3270 1103 3343 necessarium,

187 3362 326 3421 immensi
356 3362 445 3420 etiam
475 3361 577 3437 populi
606 3360 730 3437 capacia.
776 3360 851 3419 Sunt
880 3365 978 3418 tamen
1009 3360 1105 3418 omnia

189 3452 379 3521 subobsema,
412 3468 467 3509 nec
493 3450 524 3507 id
551 3449 725 3508 aedificandi
752 3449 869 3508 inscitia
895 3450 1018 3521 factum,
1051 3449 1103 3507 sed

144 3551 169 3592 36
189 3541 310 3599 consilio
341 3539 524 3598 sacerdotum
551 3539 661 3612 ierunt,
692 3539 770 3614 quod
797 3537 984 3596 immodicam
1007 3537 1103 3596 lucem
