2512 4020
517 307 620 363 nonus,
643 307 755 348 vrorm.
1074 289 1113 347 95

200 487 352 562 pessimos,
367 485 474 561 quibus
488 486 653 544 abutantur.
691 482 778 557 Quos,
802 502 871 542 oum
885 501 959 542 usus
977 484 1114 560 postulat,

199 575 314 649 magnis
346 574 490 650 impulsos
524 573 784 649 pollicitationibus
815 573 954 632 maximis
986 572 1116 632 obiciunt

199 663 352 740 periculis,
380 663 459 721 unde
487 664 661 739 plerumque
684 681 791 737 magna
812 680 882 737 pars
904 680 1054 738 nunquam
1077 663 1115 721 ad

198 752 344 828 exigenda
386 752 532 828 promissa
569 751 734 810 revertitur.
788 750 1003 827 Superstitibns
1040 769 1115 827 quae

168 847 270 900 esunt
297 841 420 917 polliciti
448 842 523 899 bona
549 840 610 899 fide
638 841 825 916 persolvunt,
856 857 914 917 quo
942 840 979 898 ad
1003 840 1114 898 similes

199 949 289 989 ausus
303 929 505 988 incendantur.
528 929 634 1006 Neque
647 929 725 988 enim
735 929 821 1005 pensi
831 929 987 1005 quicquam
997 930 1114 1002 habent,

200 1039 288 1096 quarn
311 1020 419 1077 multos
443 1037 482 1077 ex
505 1019 549 1077 eis
571 1017 704 1094 perdant,
727 1018 783 1076 rati
806 1017 844 1076 de
862 1035 972 1092 genere
986 1018 1114 1076 humano

199 1108 359 1166 maximam
381 1107 539 1166 merituros
562 1107 686 1182 gratiam
709 1125 751 1181 se,
775 1107 801 1165 si
823 1112 884 1165 tota
905 1106 956 1165 illa
979 1107 1114 1165 conluvie

199 1197 302 1273 populi
325 1202 386 1255 tam
408 1197 495 1255 taetri
516 1215 552 1255 ao
574 1196 677 1255 nefarii
699 1196 799 1255 orbem
821 1201 966 1254 terrarum
989 1214 1115 1271 purgare

156 1297 181 1338 10
200 1292 329 1362 possent.

267 1374 434 1434 Secundum
456 1375 511 1433 hos
538 1392 639 1432 eorum
662 1373 754 1450 copiis
777 1378 908 1447 utuntur,
931 1392 984 1449 pro
1008 1373 1114 1450 quibus

156 1474 204 1529 [lja]
232 1483 313 1523 arma
347 1463 482 1542 capiunt,
519 1463 624 1521 deinde
656 1482 707 1522 au·
732 1460 736 1543 1
761 1462 915 1521 xiliaribus
950 1469 1115 1522 ceterorum

198 1553 359 1612 amicorum
382 1552 503 1628 turmis;
534 1556 683 1629 postremo
706 1569 776 1610 suos
799 1551 880 1610 cives
903 1551 1075 1627 adiungunt,
1098 1571 1115 1610 e

199 1643 305 1718 quibus
335 1642 464 1718 aliquem
486 1640 605 1700 virtutis
632 1641 770 1717 probatae
792 1640 890 1699 virum
916 1641 1008 1699 totius
1030 1659 1115 1700 exer·

155 1743 180 1783 15
199 1731 275 1790 citus
299 1749 431 1789 summae
453 1730 636 1806 praeficiunt.
672 1730 751 1788 Huic
773 1730 848 1788 duos
868 1729 910 1788 ita
924 1731 1114 1805 substituunt

198 1821 242 1878 nti
256 1839 291 1879 eo
305 1819 446 1879 incolumi
459 1820 544 1878 ambo
558 1819 667 1895 privati
682 1819 749 1891 sint,
773 1823 857 1895 capto
873 1824 925 1878 aut
937 1819 1114 1896 interempto

197 1910 272 1968 alter
299 1928 316 1967 e
343 1909 458 1967 duobus
485 1909 567 1967 velut
596 1908 759 1974 hereditate
790 1907 929 1966 succedat
958 1908 1045 1985 eique
1075 1927 1114 1968 ex

198 2003 306 2057 eventu
336 1998 455 2071 tertiuS,
485 2016 536 2071 ne,
566 2002 600 2056 ut
628 2001 697 2056 sunt
719 1996 863 2056 bellorum
892 2002 986 2055 sortes
1010 1998 1114 2065 variae,

197 2087 382 2164 periclitante
396 2087 472 2145 duce
486 2091 566 2145 totus
576 2087 765 2162 perturbetur
778 2085 935 2144 exercitus.
959 2075 988 2144 'u
998 2106 1114 2163 quaque

153 2186 179 2227 20
198 2177 317 2235 civitate
340 2176 472 2235 delectus
495 2181 649 2234 exercetur
671 2192 711 2233 ex
733 2174 789 2248 hie,
813 2175 864 2251 qui
889 2181 993 2250 sponte
1008 2193 1114 2235 nomen

198 2267 386 2340 profitentur;
418 2283 514 2340 neque
545 2265 624 2323 enim
653 2264 764 2322 invitus
794 2264 951 2340 quisquam
977 2265 1055 2323 foras
1082 2265 1115 2323 in

198 2353 332 2412 militiam
359 2355 501 2428 truditur,
531 2353 610 2431 quod
633 2371 808 2430 persuasum
831 2353 969 2427 habeant,
999 2354 1114 2430 siquis
1225 2365 1229 2374 ‘

199 2441 238 2500 sit
260 2447 365 2500 natura
386 2443 525 2516 timidior,
552 2461 611 2501 non
638 2443 736 2518 ipsum
759 2443 846 2501 modo
870 2442 944 2500 nihil
966 2444 1113 2501 iacturum

199 2535 334 2604 strenue,
371 2531 423 2590 scd
455 2537 568 2591 metum
600 2531 690 2591 etiam
722 2531 878 2590 comitibus
915 2531 1113 2590 incussurum.

154 2629 179 2670 25
199 2619 338 2678 Oetenrm
361 2621 387 2678 si
410 2621 489 2696 quod
511 2621 622 2679 bellum
644 2621 764 2696 ingruat
785 2620 816 2678 in
837 2620 970 2696 patriam,
992 2621 1114 2695 ignavos

197 2708 381 2782 huiusmodi,
411 2709 498 2768 modo
519 2711 638 2769 valeant
665 2727 798 2786 corpore,
826 2709 857 2766 in
886 2727 976 2768 naves
1003 2710 1113 2768 mixtos

197 2797 368 2856 melioribus
398 2799 551 2859 conlocant
579 2805 631 2859 aut
657 2798 688 2856 in
715 2797 869 2857 moenibus
899 2799 1026 2874 sparsim
1054 2790 1136 2858 dis?

197 2892 323 2962 ponunt,
350 2887 430 2945 unde
453 2905 512 2946 non
535 2887 574 2947 sit
595 2887 764 2963 refugiendi
785 2888 877 2946 locus
923 2887 969 2946 Ita
993 2905 1113 2946 suorum

196 2975 300 3050 pudor,
328 2976 424 3034 hostis
451 2976 483 3033 in
505 2977 641 3036 manibus
664 2981 751 3053 atque
774 2976 912 3053 adempta
933 2977 1021 3052 fugae
1044 2990 1112 3053 spes

152 3075 179 3116 ao
196 3064 332 3123 timorem
365 3066 505 3138 obruunt,
542 3071 573 3125 et
605 3084 693 3142 saepe
726 3070 860 3124 extrema
890 3065 1051 3124 necessitas
1082 3066 1113 3124 in

196 3153 336 3212 virtutem
360 3154 492 3213 vertitur.
532 3156 571 3213 At
595 3155 683 3214 sicuti
704 3154 742 3212 ad
765 3160 920 3212 externum
944 3155 1052 3213 bellum
1075 3173 1113 3214 ex

195 3241 269 3319 ipsis
293 3261 378 3301 nemo
401 3243 581 3319 protrahitur
594 3244 705 3317 nolens,
727 3243 770 3302 ita
784 3243 910 3302 feminas
926 3245 1059 3303 volentes
1081 3244 1113 3303 in

195 3331 331 3390 militiam
365 3332 498 3391 comitari
535 3333 654 3392 maritos
685 3332 758 3392 adeo
790 3351 848 3392 non
879 3333 1047 3409 prohibent,
1080 3339 1113 3392 ut

195 3422 387 3480 exhortentur
409 3421 498 3480 etiam
514 3427 544 3480 ct
558 3422 696 3481 laudibus
715 3421 854 3493 incitent3
878 3422 1024 3496 profectas
1045 3441 1112 3481 cum

151 3519 177 3561 35
195 3527 249 3568 suo
277 3529 426 3587 quamque
448 3511 512 3569 viro
541 3511 650 3588 pariter
676 3510 707 3569 in
735 3510 798 3570 acie
823 3511 1018 3584 constituunt,
1048 3517 1112 3570 tum
