2512 4020
149 305 190 362 o?
400 378 407 393 .
506 321 610 371 nonus,
633 321 745 361 urorm.

192 500 273 557 utilis
295 499 368 571 rubi,
392 517 480 574 quam
499 499 524 556 si
542 499 572 555 in
592 500 662 557 urbe
679 504 766 556 esset.
805 498 870 557 Iam
885 499 1006 563 videtis.
1024 519 1108 577 quam

191 589 272 647 nulla
304 589 342 646 sit
374 605 498 663 usquam
535 588 642 645 otiandi
681 587 813 658 licentia,
851 588 953 647 nullus
992 589 1108 649 inertiae

191 684 370 754 praetextus.
416 676 505 734 Nulla
527 677 647 735 taberna
670 676 794 747 vinaria,
822 677 905 736 nulla
928 678 1107 751 cervisiaria,

191 785 337 843 nusquam
364 766 500 842 lupanar,
532 766 612 823 nulla
639 765 821 840 corruptelae
849 767 982 841 occasio,
1014 767 1108 827 nullae

160 869 173 907 3
191 857 328 927 latebrae,
348 854 571 913 conciliabulum
586 854 714 912 nullum:
731 854 784 912 sed
794 855 928 913 omnium
937 863 1108 931 praesentes

191 946 266 1003 oculi
296 944 501 1003 necessitatem
530 950 581 1001 aut
608 943 739 1001 consueti
766 943 875 1001 laboris
902 951 954 1003 aut
979 945 1032 1004 otii
1054 964 1109 1004 non

192 1034 337 1092 inhonesti
368 1033 485 1091 iaciunt.
531 1031 625 1104 Quem
652 1032 754 1108 populi
782 1050 895 1091 morem
918 1051 1044 1093 necesse
1066 1040 1111 1094 est

192 1124 320 1181 omnium
347 1141 445 1180 rerum
473 1122 585 1197 copiam
615 1121 710 1197 sequi,
739 1128 828 1197 atque
855 1139 890 1180 ea
912 1140 984 1181 cum
1006 1142 1110 1201 aequa·
1147 1178 1155 1203 ,

192 1212 289 1270 biliter
311 1212 349 1269 ad
372 1229 472 1269 omnes
495 1211 652 1286 perveniat,
676 1211 709 1268 lit
726 1210 872 1283 nimirum,
896 1216 930 1269 ut
942 1211 1032 1290 inops
1046 1231 1112 1272 esse

148 1314 174 1355 ro
192 1319 276 1359 nemo
299 1307 350 1359 aut
372 1300 524 1358 mendicus
546 1299 647 1375 possit.

258 1390 294 1448 In
317 1394 419 1448 senatu
442 1389 612 1461 llentirano,
641 1406 736 1465 quem,
764 1388 809 1446 uti
832 1388 904 1463 dixi,
933 1391 1013 1449 terni
1040 1409 1113 1468 quo-

192 1480 289 1538 tannis
316 1477 395 1537 omni
421 1496 460 1536 ex
488 1478 559 1536 urbe
586 1479 785 1553 frequentant,
816 1477 866 1536 ubi
888 1479 1022 1554 primum
1045 1498 1113 1538 con-

193 1568 306 1641 stiterit,
330 1584 404 1644 quae
427 1585 474 1625 res
497 1584 613 1643 quoque
636 1567 698 1624 loco
722 1566 858 1640 abundet,
881 1586 1004 1627 rursum
1027 1569 1114 1628 cuius

148 1669 220 1723 [riijb]
231 1658 338 1717 alicubi
349 1656 503 1730 malignior
512 1661 673 1732 proventus
683 1655 778 1727 luerit,
786 1655 906 1714 alterius
916 1656 1047 1733 inopiam
1056 1652 1112 1740 all-l

149 1761 173 1801 15
192 1748 283 1806 terius
296 1745 429 1822 protinus
444 1746 561 1804 ubertas
574 1744 690 1820 explet3
709 1750 798 1821 atque
812 1744 842 1801 id
856 1746 985 1820 gratuito
999 1746 1115 1806 iaciunt

193 1837 265 1894 nihil
289 1835 420 1894 vicissim
442 1835 478 1892 ab
502 1834 549 1892 his
572 1834 756 1910 recipientes,
779 1833 887 1909 quibus
900 1834 1020 1895 donant
1054 1835 1113 1895 Sed

193 1944 267 2003 qnae
290 1925 327 1983 de
351 1924 413 1982 suis
436 1924 523 1981 rebus
547 1923 725 1998 unicuipiam
749 1922 814 1980 urbi
835 1922 972 1982 dederint
985 1925 1064 1983 nihil
1077 1925 1115 1983 ab

192 2033 227 2074 ea
249 2018 426 2090 repetentes,
449 2013 485 2071 ab
508 2013 572 2082 alia,
595 2011 643 2070 cui
666 2011 739 2069 nihil
760 2011 976 2087 impenderunt,
1004 2014 1115 2091 quibus

192 2109 280 2179 egent
302 2102 456 2178 accipiunt.
494 2101 538 2159 Ita
556 2106 616 2159 tota
639 2100 736 2159 insula
758 2100 841 2159 velut
858 2118 916 2159 una
930 2102 1045 2161 familia
1058 2110 1114 2162 est

147 2205 174 2247 ao
259 2197 299 2251 At
321 2197 475 2268 postquam
499 2190 570 2249 satis
593 2190 743 2266 provisum
765 2189 839 2265 ipsis
861 2195 916 2264 est,
944 2191 1026 2269 quod
1054 2210 1114 2251 non

192 2288 279 2342 antea
300 2283 411 2339 tactum
433 2285 561 2352 censent,
585 2297 673 2355 quam
696 2279 726 2336 in
743 2279 892 2337 biennium
905 2284 1030 2357 propter
1042 2281 1113 2340 anni

194 2370 344 2448 sequentis
373 2376 509 2428 eventum
540 2368 758 2444 prospexerint,
788 2374 853 2426 tum
882 2386 921 2426 ex
953 2369 1001 2428 his
1035 2388 1113 2447 quae

193 2464 353 2536 supersunt
380 2476 516 2532 magnam
539 2458 598 2515 vim
627 2457 773 2527 frumenti,
797 2457 904 2531 mellis,
928 2457 1022 2531 lanae,
1051 2459 1112 2531 lini,

192 2550 278 2626 ligni,
306 2548 384 2607 cocci
409 2553 439 2606 et
465 2547 698 2621 conchyliorum,
727 2546 883 2619 vellerum,
911 2564 1010 2620 cerae,
1040 2547 1112 2621 sebi,

147 2652 174 2692 a]
193 2639 277 2712 corii,
307 2637 345 2696 ad
374 2637 448 2695 haec
475 2636 644 2694 animalium
673 2653 788 2711 quoqne
815 2635 847 2692 in
874 2635 947 2694 alias
975 2636 1112 2712 regiones

193 2733 363 2804 exportant;
393 2744 515 2802 qirarum
539 2743 637 2783 rerum
661 2725 791 2782 omnium
816 2724 972 2800 septimam
994 2732 1109 2802 partem

194 2817 328 2893 inopibus
361 2815 424 2873 eius
456 2813 584 2887 regionis
616 2814 691 2871 dono
724 2813 807 2886 dant,
839 2813 984 2891 reliquam
1016 2814 1110 2891 pretio

194 2906 331 2964 mediocri
354 2903 513 2975 venditant,
537 2922 594 2979 quo
618 2922 656 2961 ex
679 2902 853 2961 commercio
876 2921 934 2961 non
958 2920 1009 2962 eas
1023 2902 1108 2962 modo

194 3013 317 3067 merceS,
348 2994 454 3069 quibus
482 2992 560 3049 domi
590 2998 679 3067 egent
706 2994 784 3068 (nam
811 2992 842 3050 id
869 2992 932 3051 fere
959 2992 1035 3052 nihil
1063 2997 1109 3051 est

147 3098 174 3137 ao
194 3090 310 3160 praeter
343 3083 479 3156 ferrum),
515 3081 567 3139 sed
598 3081 710 3156 argenti
743 3087 830 3158 atque
862 3081 926 3140 auri
958 3088 1107 3158 praeterea

194 3191 330 3248 magnam
351 3172 410 3229 vim
432 3171 463 3228 in
487 3171 610 3246 patriam
633 3177 789 3246 reportant.
823 3170 914 3229 Cuius
932 3171 976 3230 rei
996 3170 1107 3229 diutina

193 3261 405 3320 consuetudine
439 3278 527 3336 supra
561 3279 649 3336 quanu
677 3260 754 3318 credi
785 3260 879 3335 possit
913 3260 1022 3337 ubique
1051 3260 1104 3318 iam

193 3369 294 3408 earum
322 3369 422 3409 rerum
453 3350 536 3426 copia
562 3349 720 3408 abundant.
766 3348 869 3425 Itaque
897 3367 977 3407 nnnc
1004 3366 1104 3426 pamm

194 3441 277 3516 pensi
296 3441 411 3512 babent,
435 3446 626 3516 praesentene
640 3438 763 3515 pecunia
781 3457 819 3496 an
837 3438 868 3495 in
887 3438 966 3497 diem
980 3438 1105 3497 vendant

147 3542 174 3583 aa
194 3529 345 3606 multoque
369 3529 526 3587 maximam
549 3534 662 3604 partem
685 3529 810 3586 babeant
832 3527 863 3585 in
878 3527 1054 3601 nominibus,
1075 3526 1103 3585 in
