2512 4020
503 335 607 390 110110,
631 336 742 377 110111.
1043 319 1103 378 115

188 533 247 574 101
279 513 408 572 omnium
445 513 635 572 finitimorum
669 513 778 572 invidia
812 513 992 591 principum,
1029 533 1105 592 quae

189 602 306 679 saepius
343 601 373 660 id
408 602 469 660 iam
498 601 568 660 olim
601 619 718 678 semper
751 604 936 662 reverberata
971 603 1105 677 tentavit,

187 698 342 751 concutere
365 691 440 750 illud
462 691 618 766 imperium
641 696 692 750 aut
714 709 898 751 commovere
921 697 1015 769 queat.

255 816 336 875 Haec
369 816 418 873 ubi
450 815 580 891 Raphael
618 817 779 888 recensuit,
818 835 994 894 quamquam
1026 818 1105 876 haud

156 918 170 957 0
188 924 282 981 pauca
304 905 376 963 mihi
399 905 616 978 succurrebant,
641 922 716 981 quae
736 905 767 962 in
781 906 846 964 eius
859 905 960 982 populi
976 907 1105 965 moribus

190 993 362 1070 legibusque
385 1011 526 1070 perquam
550 994 676 1052 absurde
691 993 865 1053 videbantur
884 995 1024 1068 instituta,
1048 1013 1106 1053 non

189 1082 284 1141 solum
311 1081 348 1141 de
378 1082 447 1140 belli
475 1082 595 1157 gerendi
627 1082 738 1142 ratione
766 1088 796 1142 et
817 1083 907 1142 rebus
936 1083 1044 1142 divinis
1071 1103 1106 1142 ac

144 1183 221 1237 [mvja]
241 1171 382 1247 religione
395 1171 519 1247 aliisque
533 1171 653 1247 insuper
668 1189 769 1230 eorum
782 1171 934 1246 institutis,
946 1167 950 1254 1
962 1172 1014 1231 sed
1028 1173 1058 1230 in
1071 1191 1105 1232 eo

189 1278 304 1338 quoque
317 1260 383 1336 ipso
397 1259 532 1333 maxime,
548 1259 626 1337 quod
636 1260 798 1319 maximum
811 1261 902 1320 totius
913 1261 1105 1321 institutionis

145 1362 171 1403 10
187 1349 411 1408 fundamentum
447 1355 507 1423 est,
545 1349 605 1407 vita
641 1349 752 1408 scilicet
783 1349 921 1427 victuque
958 1351 1106 1409 communi

189 1439 252 1497 sine
279 1438 340 1496 ullo
367 1437 508 1514 pecuniae
536 1438 722 1512 commercio,
751 1457 809 1515 qua
836 1457 894 1498 una
917 1458 949 1497 re
972 1439 1105 1499 funditus

189 1527 331 1586 evertitur
368 1527 463 1584 omnis
501 1526 652 1600 nobilitas,
690 1528 920 1602 magnificentia,
959 1528 1105 1604 splendor,

146 1613 149 1620 '
189 1616 339 1688 maiestas,
362 1633 445 1688 vera,
473 1621 506 1674 ut
533 1615 650 1691 publica
673 1622 720 1675 est
746 1617 856 1692 opinio,
885 1616 989 1676 decora
1016 1623 1105 1694 atque

189 1709 359 1763 ornamenta
388 1704 432 1762 101
462 1705 608 1780 publicae,
643 1710 754 1776 tamen,
788 1705 925 1782 quoniam
955 1706 1104 1765 defessum

147 1806 172 1846 10
191 1793 334 1851 narrando
362 1793 490 1852 sciebam
518 1812 613 1874 neque
636 1794 708 1852 milri
733 1795 803 1853 satis
826 1795 1012 1870 exploratum
1035 1801 1105 1869 erat,

188 1888 326 1958 possetne
349 1882 433 1954 ferre,
458 1888 492 1958 111
513 1888 613 1941 contra
637 1900 721 1942 suam
744 1884 919 1943 sententiam
939 1885 1105 1958 sentiretur,

190 1971 363 2048 praesertim
392 1971 471 2048 quod
499 1971 669 2030 recordabar
696 1990 731 2030 eo
760 1973 876 2031 nomine
904 1973 1046 2050 quosdam
1069 1976 1105 2033 ab

188 2059 239 2119 illo
262 2061 463 2136 reprehensos,
488 2061 572 2136 quasi
585 2067 763 2134 vererentur,
787 2079 825 2120 10
848 2079 905 2120 101
928 2062 999 2121 satis
1022 2068 1106 2139 puta·

189 2154 292 2208 rentur
314 2166 425 2224 sapere,
449 2149 506 2207 nisl
529 2148 639 2226 aliquid
653 2150 827 2224 invenirent,
850 2151 880 2208 in
897 2169 954 2227 quo
968 2151 1105 2211 vellicare

144 2249 171 2290 20
188 2237 312 2296 aliorum
332 2238 452 2297 inventa
473 2246 602 2314 possent,
626 2239 736 2297 idcirco
750 2245 779 2298 et
792 2238 908 2298 illorum
923 2240 1105 2300 institutione

189 2333 219 2385 et
245 2327 339 2402 ipsius
367 2328 496 2385 oratione
523 2326 640 2386 laudata
667 2346 756 2387 mann
782 2329 1007 2405 apprehendens
1030 2329 1105 2389 intro

189 2421 324 2474 cenatum
354 2416 429 2475 duco
464 2416 612 2492 praefatus
641 2422 738 2476 tamen
766 2417 846 2476 aliud
873 2418 957 2476 nobis
987 2424 1105 2495 tempus

189 2503 294 2562 iisdem
325 2504 362 2562 de
390 2505 477 2563 rebus
505 2505 593 2563 altius
617 2505 763 2580 cogitandi
785 2512 873 2583 atque
895 2507 1014 2565 uberius
1037 2525 1105 2565 cum

189 2610 224 2651 eo
248 2594 418 2652 conferendi
440 2594 512 2653 iore.
558 2593 643 2667 Quod
670 2595 783 2653 utinam
810 2595 966 2672 aliquando
994 2596 1105 2654 001111-

144 2693 171 2734 21
189 2684 285 2756 geret!
323 2682 440 2741 Interea
462 2682 709 2758 quemadmodum
732 2685 811 2742 haud
830 2703 951 2761 possum
970 2685 1105 2744 omnibus

189 2770 342 2844 adsentiri,
372 2789 448 2848 quae
478 2771 555 2830 dicta
586 2777 654 2831 sunt
686 2772 793 2850 alioqui
823 2774 859 2831 ab
886 2774 1004 2833 homine
1033 2775 1105 2832 citra

188 2860 415 2924 controversiam
444 2860 642 2919 eruditissimo
671 2861 758 2919 0111111
786 2868 815 2920 01
838 2880 937 2921 rerum
964 2863 1105 2922 humana-

189 2966 254 3006 rum
277 2948 463 3024 peritissimo,
487 2949 526 3007 ita
549 2949 633 3009 facile
656 2951 796 3009 confiteor
818 2952 963 3026 permulta
987 2970 1052 3011 esse
1074 2953 1105 3010 in

189 3035 395 3113 Vtopiensium
426 3056 456 3096 re
483 3039 612 3115 publica,
643 3057 717 3115 quae
745 3040 774 3097 in
802 3041 910 3099 nostris
939 3041 1105 3100 civitatibus

144 3137 172 3178 00
191 3125 316 3201 optarim
339 3127 437 3186 verius
460 3146 548 3203 quam
571 3129 720 3204 sperarim.

584 3211 663 3264 Finis,

251 3333 383 3387 Sermonis
407 3335 601 3402 postmeridiani
625 3335 765 3404 Raphaelis
784 3336 925 3403 Hythlodei
950 3339 982 3391 de
1005 3337 1105 3406 legibus

189 3407 215 3457 et
240 3403 366 3458 institutis
384 3405 534 3474 Vtopiensis
560 3406 660 3460 insulae
689 3407 778 3475 11011010
803 3408 888 3462 adhuc
914 3409 1032 3478 cognitae
1058 3425 1106 3477 per

189 3473 363 3529 clarissimum
378 3479 404 3529 et
418 3477 623 3530 eruditissimum
634 3479 895 3533 11111111111011011
906 3480 1009 3534 Morum
1020 3481 1104 3534 civem

190 3547 217 3598 et
232 3546 413 3601 vicecomitem
432 3548 633 3602 londiniensem
652 3549 721 3602 finis.

463 3672 794 3731 —.......†''.<.--.
