2512 4020
488 310 592 366 nonve,
615 310 727 352 vrorm.
1048 293 1089 353 89

175 487 269 546 modis
279 487 478 561 immorentur,
493 486 719 564 tergiversantes
728 506 798 547 vero
812 489 952 564 pastorali
967 507 1091 548 censura

176 582 206 635 et
229 577 384 635 severitate
412 576 608 652 compellunt,
638 577 753 636 imerito
782 595 852 636 sane
881 583 1002 636 censent
1028 583 1090 636 tur-

176 665 327 741 pissimam
350 684 415 724 rem
436 665 538 738 videri,
563 666 588 724 si
600 665 719 724 illomm
732 666 901 725 foederibus
914 667 992 726 absit
1004 667 1090 741 fides,

175 754 227 830 qui
236 755 377 830 peculiari
393 755 510 813 nomine
523 755 628 814 fideles
641 755 834 831 appellantur.
863 757 904 814 At
917 755 947 813 in
956 755 1007 814 illo
1016 774 1090 814 novo

144 856 157 897 o
176 844 244 901 orbe
266 848 420 917 terrarum,
444 862 533 921 quem
556 844 685 903 circulus
708 851 846 920 aequator
860 845 911 902 vix
929 851 989 903 tam
1003 845 1090 920 longe

174 933 211 989 ab
240 933 296 991 hoc
324 937 423 991 nostro
454 934 523 992 orbe
558 938 692 992 semovet
726 952 815 1010 quam
842 933 905 992 vita
936 951 1090 1010 moresque

176 1021 327 1095 dissident,
350 1022 500 1081 foederum
517 1022 598 1080 nulla
612 1022 721 1081 fiducia
735 1028 788 1096 est,
812 1041 936 1099 quorum
950 1028 984 1081 ut
999 1023 1090 1098 quod-

176 1129 234 1186 que
263 1110 399 1185 plurimis
426 1129 461 1170 ac
488 1111 681 1170 sanctissimis
708 1111 893 1170 caerimoniis
919 1111 1090 1170 innodatum

176 1199 273 1271 fuerit,
300 1199 342 1258 ita
370 1199 512 1269 citissime
541 1200 664 1258 solvitur
690 1199 810 1259 inventa
832 1200 917 1259 facile
940 1201 971 1258 in
993 1201 1090 1258 verbis

132 1300 158 1341 ro
177 1288 329 1361 calumnia,
353 1306 429 1365 quae
444 1289 487 1347 sic
505 1288 621 1347 interim
637 1288 676 1348 de
691 1289 835 1348 industria
850 1289 960 1348 dictant
975 1289 1090 1361 callide,

176 1383 209 1435 ut
231 1395 381 1453 nunquam
403 1384 464 1437 tam
486 1378 582 1436 firmis
604 1378 727 1454 astringi
741 1378 866 1437 vinculis
880 1382 996 1455 queant,
1019 1378 1091 1454 quin

176 1466 327 1524 elabantur
349 1467 447 1542 aliqua
469 1466 633 1543 foedusque
656 1472 686 1526 et
708 1466 798 1526 fidem
822 1467 932 1543 pariter
955 1466 1089 1541 eludant3

176 1573 264 1631 quam
286 1555 450 1628 vafriciem,
477 1555 568 1615 immo
596 1573 684 1632 quam
713 1556 848 1615 fraudem
877 1556 1036 1631 dolumque
1065 1557 1091 1615 si

176 1644 355 1720 privatorum
393 1644 649 1720 deprehenderent
686 1645 882 1704 intervenisse
920 1645 1090 1718 contractui,

131 1745 158 1786 m
177 1751 281 1807 magno
314 1733 471 1808 supercilio
503 1752 567 1792 rem
597 1734 771 1809 sacrilegam
801 1739 832 1793 et
860 1735 943 1792 furca
971 1733 1090 1809 dignam

176 1821 358 1881 clamitarent
368 1822 399 1880 hi
409 1823 549 1881 nimimm
561 1823 629 1899 ipsi,
639 1823 690 1899 qui
704 1823 768 1882 eius
782 1823 898 1881 consilii
907 1823 1090 1898 principibus

175 1910 236 1969 dati
264 1917 358 1970 semet
385 1911 546 1986 gloriantur
568 1919 711 1971 auctores.
758 1911 821 1985 Quo
844 1912 891 1984 fit,
921 1916 955 1970 ut
981 1911 1091 1970 iustitia

175 2004 235 2057 tota
257 2000 392 2058 videatur
419 2006 471 2060 aut
498 2018 556 2059 non
584 2001 642 2060 nisi
668 2001 773 2077 plebea
794 2001 889 2060 virtus
917 2006 948 2059 et
969 2000 1090 2059 humilis

131 2098 204 2153 [111111]
226 2107 361 2165 quaeque
389 2089 476 2164 longo
498 2089 653 2148 intervallo
677 2091 745 2148 sub·
766 2087 769 2169 l
790 2090 868 2148 sidat
893 2089 970 2148 infra
991 2089 1091 2164 regale

130 2187 157 2230 20
175 2178 326 2252 fastigium
355 2183 406 2236 aut
434 2178 479 2236 uti
509 2179 614 2238 saltem
641 2179 717 2237 dnae
745 2179 816 2252 sint,
844 2196 969 2254 quarum
998 2178 1091 2236 altera

174 2267 283 2341 vulgus
306 2267 421 2342 deceat,
451 2267 597 2343 pedestris
620 2274 650 2327 et
672 2267 838 2344 humirepa,
866 2285 941 2326 neve
963 2285 1089 2342 usquam

175 2361 276 2431 saepta
289 2356 436 2414 transilire
449 2362 539 2433 queat
552 2357 654 2415 multis
667 2356 798 2433 undique
812 2356 946 2416 restricta
955 2356 1088 2429 vinculis,

174 2444 265 2503 altera
294 2444 460 2521 principum
491 2445 598 2518 virtue,
631 2464 707 2522 quae
737 2446 824 2504 sicuti
854 2445 892 2504 sit
922 2463 1010 2521 quam
1039 2445 1090 2504 illa

175 2533 324 2609 popularis
354 2535 519 2609 augustior,
552 2535 595 2593 sic
624 2540 671 2593 est
700 2534 790 2593 etiam
818 2535 905 2609 longo
937 2533 1090 2592 intervallo

129 2633 157 2674 25
175 2622 303 2695 liberior,
326 2628 360 2681 ut
382 2624 431 2681 cui
452 2640 511 2682 non
533 2623 620 2682 liceat
641 2623 699 2682 nisi
722 2623 801 2700 quod
823 2640 881 2681 non
904 2623 1001 2682 libeat.

240 2712 304 2770 Hos
326 2729 432 2784 mores,
456 2718 490 2770 ut
512 2712 584 2782 dixi,
614 2712 782 2788 principum
805 2712 866 2770 illic
889 2711 1008 2770 foedera
1030 2716 1089 2770 tam

175 2801 251 2858 male
274 2800 455 2859 servantium
478 2806 549 2877 puto
571 2801 603 2859 in
626 2819 714 2860 causa
737 2819 813 2875 esse,
841 2819 879 2860 ne
900 2800 961 2859 ulla
983 2800 1091 2859 feriant

175 2889 351 2965 Vtopienses
365 2890 507 2948 mutaturi
520 2891 645 2948 fortasse
656 2891 841 2963 sententiam,
857 2889 1089 2948 sihicviverent.

175 2976 359 3055 Quamquam
385 2978 444 3036 illis
467 2979 595 3051 videtur,
624 2984 657 3037 ut
684 2980 794 3055 optime
817 2983 985 3051 serventur,
1013 2979 1090 3037 male

128 3078 157 3119 eo
175 3071 274 3125 tamen
296 3067 455 3126 inolevisse
478 3067 605 3126 foederis
628 3068 745 3127 omnino
769 3067 919 3126 sanciendi
935 3071 1090 3126 consuetu·

175 3155 282 3229 dinem,
312 3174 371 3232 qua
401 3157 449 3229 fit,
479 3163 521 3229 ut,
551 3157 673 3232 perinde
700 3175 736 3216 ac
758 3157 785 3215 si
807 3156 949 3233 populum
972 3157 1090 3231 populo,

174 3262 248 3320 quos
271 3245 379 3320 exiguo
398 3245 491 3322 spatio
507 3245 592 3303 collis
605 3250 720 3304 tantum
733 3251 784 3304 ant
801 3246 885 3304 rivus
899 3244 1089 3318 discriminat,

173 3333 254 3392 nulla
277 3339 397 3392 naturae
420 3334 543 3393 societas
557 3334 716 3410 copularet,
739 3335 840 3393 hostes
853 3340 941 3410 atque
955 3333 1090 3392 inimicos

173 3423 301 3483 invicem
338 3441 405 3482 sese
441 3429 525 3482 natos
557 3428 662 3499 putent
699 3423 861 3499 meritoque
894 3423 925 3480 in
957 3428 1089 3481 mutuam

128 3524 155 3564 aa
174 3513 302 3586 grassari
324 3512 493 3588 perniciem,
520 3511 579 3570 nisi
600 3511 718 3571 foedera
740 3512 921 3588 prohibeant,
948 3511 1020 3589 quin
1042 3511 1089 3570 his
