2512 4020
151 313 214 374 104
504 329 614 384 -uonvs,
637 330 749 371 vrorm.

189 507 296 567 talibus
319 509 401 568 velut
422 507 488 568 ireti
505 507 697 584 praesidibus,
720 512 750 566 et
771 507 807 565 ab
830 506 982 566 inhonesto
996 512 1115 565 secreto

190 597 318 656 deterret
341 615 391 656 eos
413 597 524 656 credita
545 596 687 655 maiorum
709 595 880 672 piaesentia.
949 665 952 672 Ι

256 687 388 761 Auguria
419 691 589 762 ceterasque
624 684 839 762 superstitionis
875 703 965 743 vanae
996 683 1114 743 divina-

190 774 293 848 tiones,
308 793 432 851 quarum
455 775 534 850 apud
551 774 623 833 alias
637 779 740 849 gentes
754 790 860 848 magna
876 779 923 832 est
936 773 1113 846 observatio,

159 877 172 917 s
190 863 353 939 neglegunt
365 881 486 940 prorsus
508 868 596 940 atque
611 862 747 921 inrident.
786 862 927 921 Miraanla
940 880 1017 935 vero,
1032 881 1114 938 quae

191 952 271 1010 nullo
294 958 414 1011 naturae
436 951 611 1029 proveniunt
631 951 815 1025 adminiculo,
838 951 927 1010 velut·
943 950 1114 1027 praesentis

191 1052 279 1118 opera
310 1045 459 1118 testesque
491 1040 631 1099 numinis¹
651 1046 842 1116 venerantiu3
876 1040 973 1116 qualia
1004 1046 1035 1099 et
1057 1040 1108 1098 ibi

191 1131 358 1206 frequenter
381 1134 497 1189 exstare
516 1131 614 1188 tenant
627 1135 657 1188 et
670 1129 785 1205 magnis
800 1129 947 1188 interdurn
961 1147 996 1187 ac
1010 1129 1114 1187 dubiis

191 1219 221 1276 in
243 1220 332 1278 rebus
355 1219 473 1295 publica
496 1218 707 1295 supplicatione
730 1224 809 1276 certa
828 1236 895 1276 cum
915 1217 1022 1277 fiducia
1040 1236 1113 1294 pro-

148 1321 174 1362 to
192 1313 296 1367 curant
318 1308 541 1384 impetrantque.

259 1395 381 1456 (iratum
392 1397 452 1456 Deo
462 1397 573 1456 cultum
583 1401 688 1472 putant
701 1402 821 1454 naturae
833 1395 1109 1472 contemplationem

191 1485 368 1562 laudemque
386 1487 422 1544 ab
437 1503 479 1544 ea.
517 1485 593 1545 Sunt
609 1492 707 1544 tamen
725 1484 816 1561 hique
831 1485 909 1543 haud
929 1502 998 1542 sane
1012 1484 1114 1560 pauci,

193 1574 244 1651 qui
272 1574 413 1649 religione
442 1574 523 1633 ducti
552 1574 666 1633 litteras
695 1573 871 1649 neglegunt,
900 1573 975 1631 nulli
1007 1590 1108 1631 rerum

192 1663 349 1739 cognitioni
381 1663 507 1722 student
531 1681 627 1740 neque
660 1663 719 1721 otio
750 1680 871 1738 prorsus
903 1662 956 1720 ulli
987 1667 1112 1721 vacant:

45 1816 46 1820 η
149 1765 174 1806 15
192 1751 317 1828 negotiis
345 1756 460 1810 tanturn
488 1752 629 1828 bonisque
655 1751 687 1809 in
710 1757 824 1810 ceteros
846 1750 950 1810 officiis
973 1756 1115 1810 statuunt¹
1228 1770 1231 1776 ·

192 1841 322 1899 futuram
360 1846 429 1917 post
464 1842 524 1899 iata
562 1841 732 1900 felicitatem
770 1840 943 1916 promoveri.
1002 1840 1114 1917 Itaque

182 1929 243 1989 alii
270 1929 397 2005 aegrotis
428 1929 606 2004 inserviunt,
635 1929 684 1988 alii
712 1929 775 1988 vias
802 1929 952 2002 reficiunt,
980 1936 1115 2004 purgant.

192 2020 298 2092 fossae,
326 2024 431 2094 pontes
458 2024 605 2095 reparant,
632 2018 789 2095 caespites,
817 2019 964 2090 harenam,
994 2017 1114 2094 lapides

193 2107 357 2181 effodiunt,
374 2108 490 2166 arbores
518 2107 717 2166 demoliuntur
739 2126 774 2166 ac
797 2107 945 2166 dissecant
972 2106 1113 2183 bigisque

149 2209 176 2251 ao
193 2197 286 2273 ligna,
316 2198 431 2271 fragae,
460 2196 531 2255 item
561 2196 618 2255 alia
644 2196 675 2254 in
704 2197 793 2256 urbes
819 2195 977 2273 important
999 2213 1054 2254 nec
1077 2196 1108 2254 in

193 2285 343 2362 publicum
373 2285 480 2358 modo,
503 2286 554 2344 sed
584 2285 721 2362 privatim
751 2303 867 2362 quoque
894 2284 1045 2343 ministros
1073 2303 1114 2343 ac
1204 2295 1207 2303 ·

193 2376 262 2451 plus
296 2392 383 2450 quam
416 2391 516 2432 servos
548 2380 648 2450 agunt.
700 2373 774 2433 Nam
807 2373 950 2450 quidquid
981 2391 1106 2450 usquam

150 2474 212 2529 [mro]
241 2463 337 2540 operis
360 2471 407 2521 est
429 2481 579 2540 asperum,
607 2463 739 2536 difficile,
767 2480 828 2520 sor·
849 2461 852 2542 t
873 2462 988 2535 didinn,
1010 2480 1114 2538 aquo

194 2553 351 2630 plerosque
374 2553 462 2626 labor,
490 2552 648 2623 fastidium,
677 2551 840 2628 desperatio
863 2551 1022 2625 deterreat,
1053 2551 1112 2610 hoc

150 2654 176 2696 aa
194 2642 238 2700 illi
266 2641 322 2700 sibi
344 2646 438 2700 totum
461 2641 585 2700 libentes
607 2641 774 2717 hilaresque
797 2640 971 2714 desumunt;
1001 2640 1113 2699 ceteris

195 2731 286 2790 otium
316 2738 484 2805 procurant,
515 2730 573 2806 ipsi
602 2736 744 2806 perpetuo
773 2730 804 2787 in
832 2747 920 2806 opere
947 2747 982 2787 ao
1009 2729 1113 2788 labore

195 2825 349 2878 versantur
374 2836 428 2878 nec
455 2819 601 2895 imputant
623 2825 720 2878 umen
744 2837 798 2878 nec
820 2818 944 2877 aliorum
967 2817 1110 2893 sugillant

196 2909 286 2967 vitam
308 2926 364 2966 neo
387 2926 470 2966 suam
489 2909 623 2967 efferunt.
661 2907 700 2966 Hi
723 2925 780 2984 quo
803 2907 897 2982 magis
921 2924 985 2966 sese
1009 2924 1114 2965 servos

196 2998 348 3069 exhibent,
380 3015 414 3055 eo
446 2997 556 3056 maiore
587 2996 666 3073 apud
698 3015 799 3056 omnes
830 2997 861 3055 in
892 2997 1001 3054 honore
1031 3001 1112 3055 sunt,

150 3101 178 3141 ao
195 3085 305 3145 Eorum
332 3092 432 3144 tamen
454 3086 593 3146 haereses
620 3086 695 3144 duae
718 3092 801 3144 sunt:
831 3086 921 3144 altera
949 3084 1114 3157 caelebum,

196 3175 247 3252 qui
270 3193 328 3233 non
347 3193 454 3234 venere
476 3175 562 3234 modo
581 3175 612 3233 in
626 3180 719 3233 totum
733 3175 887 3244 abstinent,
911 3173 963 3232 sed
977 3173 1109 3233 carnium

196 3282 249 3322 esu
264 3281 388 3340 quoque,
402 3264 521 3340 quidam
534 3263 802 3325 animalium-etiam
818 3263 955 3337 omniurn,
979 3263 1113 3322 reiectis·

197 3372 255 3429 que
285 3353 402 3428 penitus
431 3358 570 3429 tanquam
598 3352 694 3411 noxiis
722 3352 800 3411 vitae
822 3351 984 3428 praesentis
1008 3351 1112 3428 volup

196 3442 304 3501 tatibus
322 3443 437 3500 futurae
451 3441 604 3500 dumtaxat
619 3460 672 3518 per
683 3441 798 3516 vigilias
812 3460 847 3499 ac
861 3441 984 3500 sudores
996 3441 1116 3500 inhiant.

151 3545 178 3586 aa
198 3532 261 3591 eius
284 3520 452 3608 propediem
476 3531 648 3590 obtinendae
672 3548 724 3606 spe
746 3530 857 3590 alacres
880 3530 998 3590 interim
1022 3547 1114 3606 vege·
