2512 4020
504 322 608 377 nosrs,
631 321 744 363 moeni.
1042 304 1103 361 113

189 500 299 577 ahquid
321 517 380 559 non
402 499 489 557 modo
512 500 627 575 privata
649 499 764 572 fraude,
793 499 845 558 sed
868 499 995 575 publicis
1017 497 1104 558 etiam

189 589 304 664 legibus
326 589 488 647 abradunt?
525 589 569 646 lta
592 588 671 665 quod
686 595 772 647 antea
787 587 941 646 videbatur
953 588 1104 658 iniustum,

189 678 298 755 optime
317 677 354 737 de
373 695 405 736 re
419 677 535 754 publica
549 677 662 736 meritis
675 677 836 752 pessimam
849 677 958 736 referre
972 677 1104 752 gratiam,

188 769 244 827 hoc
271 767 321 826 isti
351 766 542 842 depravatum
569 767 658 824 etiam
684 766 817 825 fecerunt
844 771 909 824 tum
932 767 1106 842 provulgata

157 857 254 931 alege
277 855 434 915 iustitiam!
466 855 570 932 ltaque
593 872 694 913 omnes
717 856 771 913 has
787 872 862 931 quae
877 855 965 913 bodie
979 872 1104 931 usquam

189 946 295 1005 tlorent
321 962 370 1004 res
397 944 529 1020 publicas
557 943 653 1003 auimo
675 944 801 1003 intuenti
823 962 858 1003 ac
880 944 1012 1003 versanti
1034 943 1104 1002 mibi

191 1033 272 1108 nihil,
296 1034 338 1093 sic
360 1051 408 1092 me
420 1039 499 1092 amet
512 1033 602 1106 Deus,
626 1033 752 1091 occurrit
765 1032 844 1091 aliud
860 1051 948 1110 qnam
962 1033 1105 1110 quaedam

190 1122 366 1199 conspiratio
395 1122 521 1181 divitum
551 1122 588 1181 de
619 1122 680 1181 suis
710 1122 871 1181 commodis
900 1122 942 1180 rei
971 1121 1105 1198 publicae

190 1212 307 1272 nomine
329 1211 473 1287 tituloque
495 1211 691 1270 tractantium.
729 1211 1053 1288 Comminiscuntmque
1076 1216 1105 1269 et

146 1313 171 1354 ro
190 1300 359 1376 excogitant
388 1317 491 1360 omnes
518 1300 621 1358 modos
650 1306 738 1377 atque
765 1305 852 1371 artes,
884 1299 999 1376 quibua,
1031 1317 1105 1376 quae

189 1389 275 1449 malis
296 1389 408 1448 artibus
430 1389 488 1465 ipsi
509 1394 727 1464 congesserrmt,
751 1407 786 1448 ea
804 1389 932 1465 primum
946 1394 980 1446 ut
993 1388 1105 1465 absque

189 1479 333 1555 perdendi
346 1483 427 1537 metu
441 1478 592 1550 retineant,
607 1479 743 1554 posthoc
757 1484 790 1537 ut
799 1496 962 1555 pauperum
976 1475 1105 1535 omnium

190 1585 279 1644 opera
301 1586 336 1626 ac
358 1567 506 1626 laboribus
530 1586 617 1643 quam
640 1567 760 1625 minimo
775 1567 831 1625 sibi
845 1567 989 1625 redimant
1004 1567 1105 1643 eisque

189 1657 355 1715 abutantur.
409 1656 490 1714 Haec
526 1656 757 1715 machinamenta
789 1655 838 1714 ubi
871 1656 963 1714 semel
999 1655 1106 1714 divites

148 1757 173 1798 15
191 1745 308 1821 publico
331 1745 457 1818 nomine,
481 1746 537 1804 hoe
554 1750 602 1804 est
616 1746 704 1804 etiam
718 1763 888 1821 pauperum,
912 1745 1106 1803 decreverunt

191 1833 351 1908 observari,
369 1833 427 1892 iam
449 1834 531 1910 leges
554 1835 636 1893 fiunt.
670 1837 709 1893 At
726 1834 859 1892 homines
872 1832 1024 1892 deterrimi
1037 1851 1105 1892 cum

124 1966 127 1970 .
189 1922 359 2000 inexplebili
381 1923 549 1999 cupiditate,
574 1941 648 2000 quae
662 1924 778 1981 merant
791 1923 926 1981 omnibus
940 1923 1105 1995 suffectura,

189 2031 224 2072 ea
253 2013 351 2070 omnia
380 2012 456 2070 inter
486 2030 519 2071 se
548 2012 743 2088 partirerunt,
775 2030 864 2088 quam
892 2011 980 2086 longe
1009 2016 1105 2070 tamen

188 2102 225 2160 ab
248 2100 455 2178 Vtopiensium
478 2101 520 2159 rei
542 2101 676 2178 publicae
698 2100 837 2159 felicitate
860 2101 979 2174 absunt,
1008 2118 1025 2159 e
1049 2119 1106 2176 qua

144 2201 171 2242 20
189 2207 257 2248 cum
279 2190 344 2266 ipso
367 2207 424 2248 usu
448 2190 562 2248 sublata
584 2190 701 2266 penitus
717 2190 795 2248 omni
810 2189 948 2249 aviditate
964 2189 1105 2265 pecuniae

190 2284 298 2354 quauta
327 2279 425 2337 moles⁴
450 2279 651 2346 molestiarum
683 2279 789 2352 recisa,
822 2284 931 2354 quanta
963 2278 1105 2337 scelerum

190 2384 278 2442 seges
300 2367 441 2427 radicitus
463 2367 566 2427 evulsa
589 2371 649 2426 est!
684 2366 756 2440 Quis
776 2367 854 2426 enim
873 2367 965 2426 nescit
978 2367 1105 2435 fraudes,

189 2456 276 2530 furta,
290 2456 415 2532 rapinas,
430 2457 520 2527 rixas,
529 2457 684 2530 tumultus,
697 2456 799 2532 iurgia,
815 2455 981 2529 seditiones
991 2457 1105 2527 caedes,

189 2544 375 2621 proditiones,
394 2546 536 2605 veneficia
556 2543 720 2605 cottidianis
735 2545 883 2604 vindicata
901 2545 998 2621 potius
1017 2564 1105 2622 quam

144 2645 171 2686 25
189 2635 335 2693 refrenata
361 2634 514 2711 suppliciis
542 2635 715 2711 interempta
742 2633 867 2710 pecunia
890 2635 1041 2707 commori,
1069 2635 1105 2693 ad

189 2723 260 2782 haec
287 2728 414 2796 metum,
445 2723 683 2798 sollicitudinem,
714 2741 811 2797 cirros,
838 2723 965 2796 labores,
989 2723 1105 2798 vigilias

189 2811 295 2872 eodem
322 2817 470 2870 momento
498 2831 556 2890 quo
584 2813 708 2888 pecunia
735 2812 901 2888 perituras?
931 2811 1008 2885 Quin
1035 2830 1105 2888 pau-
1143 2808 1146 2815 ’

188 2906 288 2976 pertas
322 2901 400 2977 ipsa,
433 2919 507 2978 quae
543 2902 604 2960 sola
635 2901 768 2978 pecrmiis
797 2901 860 2959 uisa
889 2905 934 2960 est
965 2901 1104 2976 indigere,

189 2990 314 3064 pecunia
337 3007 458 3066 prorsus
480 2989 610 3067 undique
634 2992 748 3049 sublata
770 2990 905 3066 protinus
928 2989 1015 3049 etiam
1040 2991 1106 3066 ipsa

144 3089 172 3130 eo
191 3077 382 3138 decresceret.
420 3079 455 3136 Id
479 3097 536 3155 quo
559 3080 611 3137 fiat
633 3079 796 3152 inlustrius,
819 3079 937 3138 revolve
960 3079 991 3137 iu
1009 3079 1105 3137 animo

189 3172 288 3225 tecum
310 3185 419 3226 anuum
442 3168 570 3245 aliquem
594 3169 723 3226 sterilem
746 3173 834 3244 atque
852 3168 1052 3241 infecundum,
1075 3169 1104 3225 iu

189 3274 248 3331 quo
270 3255 363 3315 multa
384 3257 535 3315 hominum
558 3256 638 3315 milia
661 3258 753 3316 fames
768 3257 937 3315 abstulerit:
961 3257 1105 3316 contendo

188 3345 275 3420 plane
298 3345 336 3402 111.
352 3345 410 3404 fine
432 3345 513 3404 illius
536 3346 678 3421 penuriae
701 3346 837 3405 excussis
852 3346 978 3405 divitum
992 3346 1105 3405 horreis

187 3438 302 3493 tantum
324 3434 444 3509 hugum
467 3435 597 3511 potuisse
620 3435 754 3511 reperiri,
783 3440 925 3511 quantum
953 3435 977 3493 si
1000 3435 1105 3493 fuisset

144 3532 172 3573 35
189 3520 329 3583 intereos
343 3522 541 3597 distributum,
565 3542 638 3600 quos
661 3524 769 3583 macies
788 3541 823 3582 ac
836 3524 919 3583 tabes
933 3524 1105 3600 absumpsit,

198 3638 248 3683 Lac
261 3639 470 3685 litteratnrdeukm.
485 3644 518 3684 11.
928 3626 950 3676 Q
