2512 4020
146 306 185 364 20
505 321 608 377 uonvs,
631 320 743 361 morra.

187 500 264 559 Nam
286 505 353 576 post
374 505 459 558 aucta
472 516 581 575 pascua
597 498 739 556 infinitam
754 497 853 556 ovium
867 497 925 555 iim
941 497 1108 573 absumpsit

187 591 269 648 tabes
291 589 372 647 velut
394 606 495 647 eorum
518 587 707 664 cupiditatem
726 587 883 646 ulciscente
896 586 959 645 Deo
972 586 1108 645 immissa

187 679 218 736 in
241 696 310 737 oves
332 677 394 746 lue,
422 695 510 753 quam
533 677 563 735 111
585 677 716 753 ipsorum
738 675 833 752 capita
855 680 1017 734 contortam
1039 693 1105 734 esse

187 768 282 825 tuerat
294 767 410 825 iustius.
433 763 543 838 Quodsi
553 765 680 824 maxime
692 766 835 823 increscat
844 765 942 824 ovium
954 781 1107 836 numerus,

157 869 170 910 s
188 856 281 933 pretio
294 855 368 913 nihil
382 855 523 913 decrescit
536 859 641 928 tamen,
651 854 730 930 quod
743 872 852 927 earum,
867 853 892 912 si
908 852 1105 929 monopolium

188 944 328 1021 appellari
360 962 417 1002 non
449 949 558 1020 potest,
590 943 670 1020 quod
698 961 756 1001 non
784 960 860 1000 unus
883 942 997 1015 vendit,
1025 949 1108 1001 certe

188 1033 376 1109 oligopolium
413 1038 466 1092 est
515 1032 693 1091 Reciderunt
730 1031 808 1091 enim
842 1032 904 1090 fere
937 1031 967 1088 in
1000 1049 1108 1089 manus

188 1141 349 1199 paucorum
371 1122 589 1198 eorundemque
608 1121 741 1193 divitum,
765 1138 839 1196 quos
853 1120 933 1178 nulla
947 1120 1108 1178 necessitas

189 1217 275 1287 urget
297 1217 364 1270 ante
378 1210 522 1268 vendendi
545 1229 633 1286 quam
655 1209 734 1283 libet,
757 1227 812 1268 nec
833 1215 901 1268 ante
922 1208 994 1267 libet
1017 1227 1107 1285 quam

146 1315 171 1354 10
189 1300 274 1359 liceat
296 1299 474 1376 quantilibet.

255 1389 320 1447 Iam
342 1394 437 1447 cetera
460 1406 575 1465 quoque
597 1405 738 1464 pecorum
760 1405 867 1462 genera
885 1393 918 1445 ut
931 1405 1024 1464 aeque
1040 1404 1108 1445 cara

191 1479 257 1552 sint,
280 1478 381 1536 eadem
404 1477 477 1535 ratio
500 1483 546 1536 est
568 1482 656 1553 atque
679 1478 734 1535 hoc
756 1476 844 1535 etiam
867 1475 1002 1552 amplius,
1027 1475 1107 1552 quod

190 1567 295 1626 dirutis
317 1566 396 1624 villis
418 1571 505 1642 atque
526 1566 680 1624 imminuta
706 1583 738 1624 re
760 1565 870 1624 rustica
892 1581 951 1623 non
974 1564 1034 1623 sint
1056 1564 1107 1640 qui

189 1657 313 1714 feturam
345 1660 456 1714 curent.
506 1654 610 1731 Neque
638 1654 716 1713 enirn
743 1653 849 1713 divites
875 1653 920 1711 illi
947 1658 981 1711 ut
1007 1652 1107 1712 ovium

147 1759 171 1799 15
191 1745 234 1804 sic
247 1745 334 1803 etiam
348 1749 545 1802 armentorum
559 1744 637 1802 fetus
652 1743 785 1817 educant,
810 1742 862 1801 sed
877 1742 995 1801 aliunde
1008 1760 1108 1800 macra

190 1840 289 1910 empta
303 1833 362 1907 vili,
385 1839 575 1909 posteaquam
598 1833 659 1892 suis
672 1832 791 1909 pascuis
804 1831 981 1908 pinguemt,
999 1848 1108 1906 magno

190 1922 361 1982 retendunt.
413 1921 554 1998 Ideoque,
592 1921 679 1980 sicuti
710 1939 787 1995 reor,
820 1920 950 1979 nondum
982 1919 1107 1979 sentitur

190 2017 285 2071 totum
315 2011 403 2069 huius
434 2011 477 2069 rei
507 2010 732 2069 incommodum.
786 2008 900 2085 Nempe
931 2008 1028 2067 adhuc
1059 2008 1107 2066 his

190 2100 276 2159 modo
303 2100 376 2158 locis
403 2099 532 2159 reddunt
554 2118 628 2173 cara,
655 2099 707 2158 ubi
728 2098 875 2174 rendunt3
904 2103 1034 2158 ceterum
1057 2097 1107 2156 ubi

146 2202 173 2244 ao
190 2189 369 2266 aliquamdiu
384 2189 509 2248 celerius
523 2189 682 2247 extulerint
695 2187 785 2261 illinc,
798 2205 887 2264 quam
895 2186 976 2246 nasci
984 2186 1107 2264 possint,

190 2284 253 2337 tum
284 2278 403 2337 demum
430 2278 471 2336 ibi
498 2296 615 2354 quoque
637 2277 777 2353 paulatim
805 2276 991 2335 decrescente
1014 2275 1107 2352 copia,

192 2369 241 2426 ubi
263 2371 443 2440 coemuntur
465 2384 585 2426 neeesse
601 2373 646 2425 est
634 2366 707 2425 tsic
720 2365 829 2440 insigni
840 2365 988 2425 laboretur
1000 2363 1106 2441 inopia

190 2456 236 2515 Ita
264 2475 322 2533 qua
348 2474 381 2515 re
409 2457 456 2514 vel
483 2456 612 2514 maxime
640 2455 712 2514 felix
739 2455 812 2513 haec
834 2460 932 2513 vestra
954 2453 1107 2512 videbatur

191 2545 326 2619 insula,
318 2563 375 2603 ram
398 2545 494 2621 ipsam
515 2562 675 2621 paucorum
697 2543 830 2620 improba
851 2542 997 2620 cupiditas
1020 2542 1107 2602 vertit

147 2635 222 2730 asin
253 2608 420 2711 perniciem
464 2633 541 2692 Nam
569 2634 642 2692 haec
671 2651 800 2692 annonae
829 2632 935 2692 caritas
962 2631 993 2690 in
1020 2648 1108 2690 causa
1144 2680 1147 2684 a

192 2729 252 2797 est
288 2740 341 2782 cur
377 2723 501 2801 quisque
533 2741 622 2800 quam
646 2722 747 2822 possit
778 2721 921 2798 plurimos
950 2739 968 2780 e
996 2719 1108 2780 familia

193 2768 333 2871 dirriittat:
366 2831 439 2889 quo,
472 2830 594 2889 quaeso,
624 2811 681 2870 nisi
707 2811 904 2870 mendicatum
935 2815 999 2881 aut,
1030 2808 1106 2887 quod

192 2901 341 2977 generosis
375 2901 480 2960 animis
515 2901 693 2977 persuadeas
723 2900 851 2973 facilius,
883 2898 1108 2959 latrocinatum?

260 2989 337 3062 Quid
359 2990 437 3068 quod
459 2990 497 3048 ad
519 2990 656 3048 miseram
677 2990 753 3048 banc
775 2993 936 3063 egestatem
957 2994 1046 3066 atque
1064 2987 1108 3046 in·

148 3092 175 3133 ao
193 3079 289 3156 opiam
303 3079 472 3155 adiungitur
484 3079 650 3155 importuna
661 3079 814 3137 luxuries?
836 3076 913 3136 Nam
924 3081 955 3136 et
967 3076 1109 3137 ministris

193 3167 333 3227 nobilium
362 3173 392 3227 et
419 3168 571 3245 opificibus
593 3175 623 3227 et
649 3167 723 3244 ipsis
749 3165 962 3244 propemodum
989 3165 1108 3227 rusticis

193 3263 223 3316 et
245 3257 381 3316 omnibus
408 3256 534 3333 denique
562 3256 712 3316 ordinibus
738 3255 865 3314 multum
887 3260 933 3314 est
955 3253 1108 3315 insolentis

151 3357 211 3412 [ciibl
226 3351 383 3423 apparatus
401 3346 433 3405 in
450 3345 590 3419 vestibus,
613 3345 721 3404 nimius
740 3346 772 3404 in
789 3345 869 3403 victu
890 3340 894 3424 Ι
914 3343 1016 3405 luxus.
1046 3343 1108 3404 Iam

194 3454 298 3511 ganea,
330 3436 436 3506 lustra,
470 3434 594 3511 lupanar
631 3440 662 3493 et
697 3434 776 3493 aliud
812 3434 938 3510 lupanar
973 3434 1109 3495 tabernae

149 3538 175 3579 aa
193 3524 329 3619 trinepos,
352 3524 543 3594 cervisiariaa
566 3528 712 3601 postremo
734 3529 778 3583 tot
793 3521 916 3600 improbi
934 3521 1015 3583 ludi:
1038 3521 1108 3595 alea,
