2512 4020
505 301 609 357 nonvs,
632 301 744 342 111111.
1062 285 1103 344 33

187 495 293 537 rursus
320 479 396 538 intra
422 478 546 553 iustum,
574 497 643 538 cum
669 478 759 537 fuerit
786 478 976 554 corroganda,
1004 479 1049 537 uti
1076 484 1107 538 et

188 568 317 627 multum
346 568 424 628 aeris
451 586 543 644 parvo
566 567 710 627 dissolvat
737 573 768 626 et
790 586 843 644 pro
866 586 956 644 parvo
979 569 1106 627 multum

187 656 326 733 recipiat3
355 657 427 715 drnn
448 656 525 716 alins
551 657 663 731 suadet,
687 662 721 715 ut
742 656 852 716 bellum
875 656 996 716 simulet
1017 662 1106 734 atque

188 763 224 804 eo
246 751 405 822 praetextu
428 752 528 804 coacta
549 746 684 823 pecunia,
712 764 781 805 eum
802 745 900 804 visum
928 745 992 818 erit,
1019 746 1107 805 faciat

155 847 296 911 spaoem
320 835 429 894 sanctis
452 835 650 909 caeremoniis,
674 853 733 911 quo
755 835 926 911 plebeculae
945 835 1037 893 oculis
1056 835 1108 895 fiat

188 924 390 1000 praestigium,
413 923 569 982 miseratus
587 924 726 982 videlicet
748 924 910 982 humanum
933 923 1108 998 sanguinem

189 1011 328 1089 princeps
360 1013 444 1090 pius,
483 1013 555 1071 dum
585 1013 662 1072 alius
693 1012 722 1071 ei
754 1012 888 1088 suggerit
919 1012 950 1069 in
980 1019 1107 1072 mentem

189 1101 325 1178 antiquas
349 1103 492 1178 quasdam
515 1107 545 1161 et
567 1102 654 1160 tineis
676 1102 780 1160 adesas
794 1103 877 1176 leges
892 1101 980 1177 longa
994 1101 1107 1160 dissue·

189 1190 292 1249 tudine
314 1191 488 1268 antiquatae,
512 1208 594 1267 quas,
618 1190 696 1267 quod
719 1209 805 1250 nemo
827 1191 901 1249 latas
914 1190 1107 1263 meminisset,

143 1293 172 1335 10
190 1297 292 1338 omnes
321 1280 381 1339 sint
409 1280 600 1355 transgressi,
636 1298 738 1338 earum
767 1297 837 1354 ergo
868 1279 977 1337 multas
1009 1279 1108 1338 iubeat

193 1367 290 1444 exigi,
326 1370 442 1427 nullum
473 1369 638 1428 uberiorem
670 1373 844 1445 proventum
875 1386 956 1442 esse,
993 1368 1108 1426 nullum

189 1457 286 1533 magis
295 1458 499 1531 honorificum,
511 1463 613 1534 utpote
623 1458 674 1534 qni
687 1457 816 1516 iustitiae
825 1476 895 1534 prae
910 1475 942 1515 se
952 1473 1108 1533 personam

144 1557 219 1613 [cuju]
241 1547 331 1623 ferat3
355 1547 426 1605 dum
449 1548 485 1605 ab
508 1547 565 1605 alio
588 1547 638 1606 ad·
660 1544 663 1626 l
683 1552 827 1619 monetur,
850 1546 896 1604 uti
919 1547 974 1604 sub
993 1545 1108 1621 magnis

191 1634 293 1694 multis
316 1637 410 1695 multa
432 1635 598 1712 prohibeat,
626 1636 755 1694 maxime
778 1635 855 1709 talia,
879 1653 954 1712 quae
977 1653 1014 1693 ne
1036 1635 1109 1693 fiant

145 1724 223 1783 11111
245 1742 308 1783 rem
331 1724 370 1784 sit
391 1724 506 1802 populi,
534 1731 601 1801 post
623 1725 749 1801 pecunia
772 1724 923 1782 cumillis
947 1724 1107 1800 dispenset,

191 1831 318 1890 quornm
340 1813 502 1872 commodis
526 1815 621 1874 obstat
642 1813 839 1887 111111111111111,
864 1813 907 1871 111
922 1818 953 1872 et
965 1833 984 1871 a
998 1813 1108 1889 populo

190 1903 316 1978 gratiam
338 1903 407 1962 iniri
429 1908 460 1962 et
482 1902 594 1979 duplex
613 1903 721 1961 adferri
736 1902 951 1978 compendium,
974 1903 1023 1960 vel
1036 1902 1109 1959 dum

189 1991 224 2050 hi
254 1993 429 2066 multantur,
462 2010 536 2068 quos
569 1997 710 2068 quaestus
743 1991 889 2067 cupiditas
921 1991 1046 2067 pellexit
1077 1991 1109 2048 in

191 2098 300 2155 casseS,
323 2081 372 2140 vel
396 2081 467 2140 dum
494 2080 566 2139 aliis·
584 2081 686 2139 vendit
715 2080 870 2157 privilegia
897 2084 977 2138 tanto
1005 2079 1108 2156 pluris,

144 2181 173 2224 20
192 2177 302 2246 quanto
334 2170 447 2229 scilieet
477 2170 568 2229 fuerit
598 2170 703 2229 melior
733 2170 887 2246 princeps,
924 2174 1026 2245 utpote
1058 2169 1110 2245 qui

191 2259 336 2334 gravatim
359 2259 516 2336 quicquam
539 2264 640 2318 contra
661 2259 765 2336 populi
787 2258 972 2317 commodum
995 2258 1110 2334 privato

193 2348 330 2424 cuiquam
356 2347 509 2423 indulgeat
531 2352 560 2406 et
582 2349 619 2407 ob
641 2348 674 2406 id
697 2366 755 2406 non
782 2347 840 2406 nisi
866 2366 973 2422 magno
1000 2347 1109 2423 pretio;

192 2436 264 2496 dum
296 2437 372 2496 alius
399 2437 427 2495 ei
454 2437 612 2513 persuadet
643 2437 867 2512 obstringendos
900 2437 957 2495 sibi
985 2436 1109 2509 indices,

192 2525 245 2602 qui
267 2526 371 2603 quavis
385 2526 417 2584 in
431 2545 463 2585 11
477 2543 531 2602 pro
545 2526 627 2601 regio
641 2525 706 2585 iure
720 2526 893 2604 disceptent,
916 2525 1110 2585 accersendos

146 2627 173 2669 25
192 2619 344 2691 praeterea
365 2615 397 2672 in
419 2615 559 2691 palatium
582 2619 670 2692 atque
692 2614 867 2688 invitandos,
889 2615 935 2672 uti
957 2633 1055 2673 eoram
1078 2632 1110 2672 se

193 2704 229 2762 de
253 2704 315 2764 suis
338 2705 426 2763 rebus
449 2704 605 2778 disserant,
627 2704 669 2763 ita
691 2704 804 2762 nullam
827 2722 947 2762 causam
964 2703 1028 2761 eius
1049 2708 1109 2762 tarn

192 2799 293 2869 aperte
319 2793 452 2869 iniquam
478 2794 553 2867 fore,
581 2793 612 2850 in
640 2811 698 2870 qua
726 2811 785 2852 non
806 2793 914 2869 aliquis
937 2810 1039 2850 eorum
1062 2792 1111 2851 111

195 2881 410 2941 contradicendi
440 2881 537 2940 studio
565 2881 613 2940 111
642 2883 754 2958 pudore
783 2881 901 2940 dicendi
931 2881 1035 2940 eadem
1061 2882 1111 2939 vel

194 2989 252 3047 quo
289 2970 413 3046 gratiam
443 2971 543 3029 ineant
573 2972 652 3047 apud
683 2990 765 3043 eum,
801 2970 931 3046 aliquam
961 2969 1112 3045 reperiant

147 3072 176 3114 30
193 3059 307 3134 rimam,
331 3079 389 3136 qna
402 3060 496 3136 possit
513 3060 628 3118 intendi
642 3059 796 3133 calumnia,
820 3059 863 3118 sic
877 3059 949 3117 dum
962 3058 1111 3117 indicibus

194 3149 312 3208 diversa
335 3149 531 3208 sentientibus
554 3165 601 3207 res
624 3167 677 3225 per
700 3167 733 3208 se
756 3147 920 3207 clarissima
942 3147 1112 3224 disputatur

195 3244 225 3296 et
247 3238 359 3297 veritas
386 3238 419 3296 in
446 3237 648 3314 quaestionem
675 3237 770 3311 venit,
800 3254 902 3297 ansam
929 3237 1110 3296 commodam

194 3327 258 3402 regi
281 3327 344 3385 dari
366 3345 420 3402 pro
444 3344 497 3385 sno
520 3327 672 3385 commodo
687 3327 735 3384 ius
750 3326 973 3402 interpretandi,
996 3330 1111 3385 ceteros

194 3420 246 3474 aut
283 3416 395 3492 pudore
437 3433 609 3474 accessuros
651 3420 702 3474 ant
743 3420 840 3485 metu,
883 3415 928 3473 sio
964 3414 1111 3490 intrepide

149 3505 288 3564 3511111111
321 3509 423 3582 postea
454 3522 507 3581 pro
543 3504 683 3563 tribunali
716 3504 872 3579 sententia,
904 3522 1000 3580 neque
1033 3503 1112 3563 enim

204 3623 254 3666 Lat.
269 3623 480 3666 Litteraturdenlrm.
495 3624 528 3664 11.
935 3606 955 3658 Ξ
