2512 4020
154 308 196 366 34
512 325 616 380 nonvs,
640 325 751 367 rrorm.

194 503 299 562 deesse
327 508 501 579 praetexurs
527 509 626 580 potest
655 504 857 583 pronuntianti
886 494 939 580 pro
967 504 1109 581 principe,

194 610 300 668 nempe
322 592 371 650 cui
394 593 465 651 satis
487 599 533 651 est
555 599 607 651 aut
628 593 808 670 aequitatem
829 612 848 651 a
870 611 924 652 sua
942 599 1028 670 parte
1045 611 1109 653 esse

193 687 245 740 aut
254 681 342 740 verba
363 681 440 756 legis
455 689 507 740 aut
519 688 685 741 contortum
701 683 804 758 scripti
824 700 944 741 sensum
957 688 1017 756 aut
1036 701 1109 759 quae

193 770 309 845 legibus
328 770 454 846 denique
468 771 604 829 omnibus
622 771 837 847 praeponderat
858 772 938 848 apud
956 771 1109 847 religiosos

162 859 317 932 uindices,
339 859 483 935 principis
505 859 746 936 indisputabilem
767 860 1017 936 pmerogativam;
1040 861 1110 919 dum

193 966 296 1006 omnes
318 947 350 1005 in
372 947 528 1007 Crassiano
550 949 602 1008 illo
625 949 813 1008 consentiunt
833 955 923 1026 atque
942 949 1111 1026 conspirant

195 1037 305 1095 nullam
326 1037 392 1096 auri
414 1037 476 1095 vim
498 1038 570 1097 satis
592 1056 659 1097 esse
680 1038 821 1114 principi,
849 1038 898 1096 cui
925 1038 966 1097 sit
987 1039 1109 1098 alendus

194 1125 360 1198 exercitus,
390 1132 544 1201 praeterea
570 1127 646 1185 nihil
672 1127 782 1186 iniuste
809 1145 912 1202 regem
938 1129 1051 1201 tacere,
1078 1134 1110 1186 ut

194 1214 325 1273 maxime
342 1215 432 1273 etiam
445 1216 526 1285 velit
542 1234 639 1292 posse,
657 1216 768 1293 quippe
784 1216 882 1274 omnia
895 1216 1027 1275 omnium
1048 1215 1109 1275 eius

150 1315 176 1356 ro
194 1321 260 1362 esse
281 1309 316 1362 ut
333 1304 466 1362 homines
485 1304 573 1363 etiam
587 1305 678 1381 ipsos,
699 1311 814 1364 tantum
830 1323 901 1364 vero
920 1305 1029 1382 cuique
1044 1323 1109 1364 esse

193 1392 354 1468 proprium,
377 1398 520 1470 quantum
543 1394 624 1470 regis
646 1394 811 1470 benignitas
834 1393 938 1453 cinon
957 1385 1109 1466 ademerit

194 1481 274 1558 quod
293 1481 401 1560 ipsum,
423 1488 564 1559 utquam
584 1483 740 1542 minimum
759 1483 804 1557 sit,
828 1482 970 1559 principis
983 1484 1109 1542 multum

193 1571 313 1644 referre,
343 1576 377 1629 ut
406 1570 492 1630 cuins
520 1576 716 1631 tutamentum
745 1572 777 1630 in
805 1590 841 1630 eo
872 1572 963 1631 situm
992 1572 1045 1645 sit,
1074 1589 1110 1631 ne

193 1659 322 1735 populus
345 1660 455 1718 divitiis
478 1666 530 1719 aut
551 1661 687 1720 libertate
708 1661 851 1733 lasciviat,
881 1660 960 1738 quod
982 1661 1040 1720 hne
1061 1679 1109 1720 res

149 1748 292 1806 lominus
321 1749 468 1825 patienter
495 1750 591 1809 ierant
620 1751 694 1809 dina
722 1755 811 1826 atque
840 1750 949 1809 iniusta
977 1750 1108 1826 imperia

193 1855 261 1896 eum
287 1844 388 1897 contra
415 1845 531 1914 egestas
554 1845 642 1916 atque
664 1839 763 1915 inopia
783 1839 921 1898 retrudat
941 1839 1056 1898 animos
1076 1857 1109 1898 ac

193 1926 339 2002 patientes
353 1927 458 1986 reddat
470 1928 638 2005 adimatque
652 1928 764 2004 pressis
774 1945 934 2003 generosos
946 1927 1110 1987 rebellandi

194 2015 315 2091 spiritus
339 2034 397 2075 -ε
422 2015 471 2075 hic
494 2017 520 2075 si
542 2034 598 2093 ego
620 2035 724 2076 rursus
747 2017 911 2092 adsurgens
934 2017 1108 2077 contendam

193 2105 267 2162 haec
276 2105 398 2164 consilia
411 2106 509 2164 omnia
521 2107 586 2181 regi
600 2112 631 2165 et
644 2106 800 2165 inhonesta
814 2124 880 2165 esse
893 2111 924 2164 et
937 2106 1109 2183 perniciosa„

148 2205 175 2246 20
194 2193 279 2251 cuius
302 2212 361 2252 non
378 2195 472 2253 honor
483 2195 579 2268 modo,
604 2195 657 2254 sed
672 2195 814 2254 securitas
829 2213 947 2272 quoque
962 2195 994 2252 in
1009 2194 1110 2272 populi

149 2293 226 2347 ididia]
244 2283 338 2358 magis
354 2277 430 2366 opi-1
443 2284 498 2342 bus
513 2284 569 2343 sita
580 2284 619 2343 sit
628 2303 716 2361 quam
731 2284 810 2360 snis;
827 2301 901 2360 quos
916 2282 942 2342 si
955 2285 1109 2343 ostendam

192 2388 295 2446 regem
323 2371 380 2430 sibi
407 2372 537 2448 deligere
561 2391 614 2431 sua
637 2391 737 2447 causa,
767 2391 826 2431 non
848 2372 943 2448 regie,
971 2373 1109 2432 videlicet

191 2460 235 2518 uti
256 2460 321 2520 eius
343 2461 443 2520 labore
465 2481 501 2520 ac
524 2463 620 2541 studio
636 2462 694 2538 ipsi
709 2461 862 2521 commode
878 2461 980 2520 vivant
992 2462 1108 2539 tutique

191 2550 228 2608 ab
250 2549 374 2631 iniuriis
398 2569 492 2627 eoque
515 2551 609 2626 magis
632 2551 670 2610 ad
691 2551 856 2627 principem
879 2569 946 2610 eam
960 2551 1108 2627 pertinere

147 2649 305 2712 2111111111,
335 2645 369 2698 ut
398 2641 508 2716 populo
536 2641 611 2699 bene
640 2640 679 2699 sit
706 2658 759 2699 suo
783 2658 870 2717 quam
893 2645 928 2698 ut
950 2639 1022 2714 sibi,
1051 2657 1108 2699 non

191 2727 275 2786 aliter
297 2746 332 2787 ac
354 2730 482 2807 pastoris
504 2729 636 2787 officium
652 2734 699 2788 est
714 2747 785 2789 oves
797 2729 897 2806 potius
910 2747 1000 2805 quam
1015 2733 1109 2789 semet

191 2834 322 2893 pascere,
353 2822 498 2894 quatenus
521 2818 609 2894 opilio
632 2823 679 2877 est
706 2819 786 2894 (nam
812 2818 893 2895 quod
914 2818 1019 2896 populi
1041 2835 1108 2894 ege·

192 2911 298 2965 statem
308 2911 447 2965 censeant
456 2907 636 2983 praesidium
645 2925 720 2981 esse,
730 2907 902 2982 longissime
911 2908 1048 2967 aberrare
1058 2924 1107 2966 eos

192 2994 257 3070 ipsa
278 3013 327 3055 res
351 2995 455 3071 dooet3
486 3014 594 3072 nempe
621 2996 673 3054 ubi
700 2997 769 3072 plus
791 2996 924 3055 rixarum
945 2996 1107 3074 comperias

147 3094 174 3135 so
194 3102 282 3159 quam
303 3084 380 3143 inter
393 3085 564 3144 mendicos?
588 3083 660 3157 Quis
678 3085 821 3144 intentius
834 3084 991 3145 mutationi
1008 3103 1107 3145 rerum

192 3172 300 3245 studet,
324 3191 413 3249 quam
436 3173 485 3232 cui
507 3173 629 3232 minime
645 3175 743 3250 placet
756 3191 898 3250 praesens
912 3174 991 3233 vitae
1005 3179 1106 3247 status,

190 3266 241 3318 aut
272 3260 321 3318 cui
350 3261 477 3338 denique
511 3263 650 3322 audacior
683 3263 813 3338 impetus
843 3263 881 3322 ad
909 3263 1107 3323 connubendo

191 3349 288 3408 omnia
311 3367 364 3426 spe
387 3350 522 3410 alicunde
544 3352 686 3425 lucrandi,
709 3371 798 3429 quam
820 3352 868 3411 cui
890 3352 951 3412 iam
964 3351 1041 3412 nihil
1053 3356 1106 3424 111

190 3438 270 3514 quod
299 3438 393 3514 possit
419 3440 565 3516 perdere?
598 3438 709 3512 Quodsi
735 3459 789 3499 rex
819 3441 926 3518 aliquis
955 3441 1030 3502 adeo
1058 3444 1107 3500 aut

145 3538 172 3581 11
192 3532 378 3605 contemptus
401 3533 482 3588 esset
504 3533 556 3587 aut
577 3529 692 3588 invisus
716 3530 786 3604 suis,
809 3535 843 3588 ut
864 3531 952 3590 aliter
975 3548 1026 3591 eos
1040 3547 1106 3590 con-
