2512 4020
513 332 616 385 uouvs,
641 331 751 373 vromu.
1072 313 1111 374 63

195 509 305 586 quibus
327 514 426 568 tamen
449 509 593 568 faciendis
614 527 673 568 non
696 511 875 587 privatorum
898 529 1036 586 unquam,
1061 511 1112 569 sed

194 598 336 657 coniectis
359 617 397 657 ex
420 616 502 656 more
523 598 727 658 instrumentis
750 600 897 675 publicam
920 601 1001 658 urbis
1024 600 1113 658 fidem

195 692 368 763 sequuntur.
392 687 511 761 Civitas,
519 688 568 745 ubi
581 688 735 747 solutionis
746 689 810 747 dies
822 688 1112 764 adveneritapriva-
1177 738 1179 742 ,

194 776 235 834 tis
250 776 430 834 debitoribus
444 776 537 852 exigit
551 777 695 835 creditum
705 783 793 854 atque
806 778 838 835 in
851 777 995 836 aerarium
1005 777 1113 852 redigit

160 877 175 918 5
194 864 318 941 eiusque
328 865 478 941 pecuniae,
487 866 583 941 quoad
593 867 628 924 ab
636 866 846 943 Vtopiensibus
855 871 1012 941 repetatur,
1023 884 1113 925 usura

194 954 310 1012 hunum.
339 954 388 1012 Illi
402 955 559 1012 maximam
571 960 683 1030 partem
698 974 848 1031 nunquam
862 961 1006 1030 repetunt.
1036 955 1112 1013 Nam

194 1060 270 1119 quae
297 1060 345 1101 res
373 1043 451 1118 apud
479 1061 511 1101 se
539 1043 653 1120 nullum
680 1045 768 1103 habet
790 1063 890 1116 usum,
918 1062 983 1102 eam
1006 1035 1041 1102 ab
1065 1044 1112 1102 his

194 1132 317 1206 auferre,
332 1132 438 1208 quibus
450 1132 517 1190 usui
529 1138 582 1205 est,
593 1133 670 1191 haud
684 1152 810 1209 aequum
823 1138 950 1191 censent.
975 1133 1112 1191 Ceterum

196 1220 223 1278 si
245 1237 293 1278 res
315 1220 358 1279 ita
380 1226 488 1296 poscat,
513 1227 545 1279 ut
568 1222 632 1280 eius
655 1222 783 1297 aliquam
806 1227 918 1298 partem
940 1222 988 1280 alii
1003 1223 1112 1297 populo

146 1321 176 1362 10
195 1313 329 1368 mutuam
351 1310 449 1368 daturi
472 1310 542 1382 sint,
571 1316 635 1369 tum
664 1311 782 1369 demum
805 1316 942 1387 poscunt,
971 1316 1111 1369 anteum

194 1398 305 1456 bellurn
328 1398 489 1473 gerendum
512 1405 565 1472 est,
590 1419 677 1476 quam
697 1400 728 1457 in
741 1419 803 1459 rem
818 1418 906 1458 unum
920 1405 1014 1458 totum
1027 1399 1111 1458 illum

193 1487 365 1546 thesaurum
383 1506 472 1566 quem
487 1487 595 1547 habent
610 1489 689 1547 domi
704 1495 828 1562 servant,
852 1489 895 1547 uti
908 1495 958 1547 ant
972 1488 1112 1547 extremis

193 1575 226 1634 in
247 1576 385 1652 periculis
407 1583 459 1635 aut
485 1577 516 1635 in
544 1578 648 1636 subitis
676 1577 819 1654 praesidio
848 1578 897 1651 sit,
926 1578 1112 1654 potissimum

196 1683 255 1742 quo
278 1665 385 1724 milites
407 1671 552 1741 externos,
576 1685 649 1743 quos
672 1666 809 1726 libentius
833 1686 922 1744 quam
941 1685 1009 1725 suos
1032 1667 1112 1725 cives

145 1767 175 1807 15
194 1754 325 1813 obiciunt
361 1754 528 1830 discrimini,
565 1756 719 1815 immodico
758 1756 901 1832 stipendio
940 1756 1111 1829 conducant,

193 1844 278 1918 gnari
309 1843 498 1903 multitudine
529 1846 669 1920 pecuniae
698 1846 797 1903 hostes
828 1846 908 1921 ipsos
938 1846 1112 1921 plerruuque

194 1932 366 1991 mercabiles
388 1939 418 1992 et
440 1934 488 1992 vel
510 1934 673 2010 proditione
696 1934 744 1992 vel
770 1934 886 1993 infestis
909 1934 996 1992 etiam
1020 1933 1111 2008 signis

192 2020 270 2080 inter
301 2039 334 2080 se
360 2022 510 2081 committi.
555 2023 639 2081 Hanc
662 2024 697 2082 ob
726 2041 844 2081 causam
870 2022 1111 2082 inaestimabilem

192 2110 364 2169 thesaurum
381 2117 505 2184 servant,
529 2118 559 2170 at
573 2130 630 2170 uon
645 2117 679 2170 ut
692 2113 862 2170 thesaurum
876 2117 984 2185 tamen,
1004 2111 1111 2169 sedita

143 2210 173 2253 20
193 2199 314 2274 habent,
338 2200 483 2276 quomodo
506 2219 553 2259 me
576 2219 693 2260 narrare
716 2202 844 2277 proiecto
867 2201 994 2260 deterret
1017 2200 1112 2276 pudor

193 2293 385 2362 metuentem,
413 2307 451 2348 ue
481 2289 569 2348 fidem
598 2290 689 2348 oratio
712 2309 770 2348 non
793 2291 832 2348 sit
854 2290 1001 2365 babitura;
1033 2289 1111 2366 quod

145 2387 227 2442 [uiiiJ'a]
253 2395 287 2436 eo
307 2377 413 2436 iustius
427 2396 537 2452 vereor,
560 2396 618 2455 quo
641 2379 735 2454 magis
758 2380 831 2437 mihi
855 2398 921 2438 sum
944 2373 1108 2461 eonsciusl

192 2465 250 2524 nisi
272 2466 414 2525 vidissem
441 2486 592 2543 praesens,
623 2487 711 2545 quam
741 2487 828 2543 aegre
858 2468 1024 2544 potuissem
1046 2468 1111 2544 ipse

192 2555 323 2632 perduoi,
346 2561 380 2614 ut
402 2557 485 2614 alteri
507 2557 585 2615 idem
608 2557 773 2616 recensenti
791 2558 950 2616 crederem.
983 2557 1111 2615 Necesse

144 2655 173 2698 25
192 2650 238 2704 est
270 2644 349 2702 enim
379 2645 454 2718 iere,
492 2665 580 2722 quam
615 2646 745 2722 quidque
781 2653 827 2706 est
858 2648 894 2705 ab
926 2665 1027 2705 eorum
1060 2646 1110 2722 qui

191 2733 316 2792 audiunt
333 2733 461 2793 moribus
480 2735 615 2807 alienum,
638 2740 698 2793 tam
716 2736 794 2794 idern
813 2736 914 2813 proeul
931 2736 990 2793 illis
1009 2737 1111 2794 abesse

191 2841 210 2880 a
231 2822 302 2894 fide,
335 2841 512 2899 quamquam
541 2824 671 2900 prudens
699 2843 796 2883 rerum
824 2826 991 2883 aestimator
1013 2825 1110 2882 minus

191 2911 316 2970 fortasse
337 2911 497 2985 mirabitur,
526 2931 593 2971 enm
621 2913 734 2989 reliqua
761 2933 862 2973 eorum
888 2914 1022 2972 instituta
1049 2919 1110 2971 tam

191 3000 279 3076 longe
300 3019 318 3059 a
337 3002 444 3060 nostris
463 3001 605 3076 differant,
630 3003 655 3061 si
678 3004 790 3078 argenti
809 3022 925 3079 quoque
943 3009 1031 3079 atque
1047 3003 1111 3061 anri

145 3100 172 3142 ao
192 3107 266 3148 usus
284 3089 322 3148 ad
339 3089 469 3166 ipsorum
490 3092 587 3167 potius
606 3110 695 3168 quam
708 3093 745 3150 ad
760 3093 852 3150 nostri
867 3092 955 3150 moris
969 3092 1109 3150 rationem

191 3179 434 3238 accommodetur.
468 3179 582 3256 Nempe
601 3199 669 3238 oum
687 3182 812 3257 pecunia
831 3199 888 3239 non
907 3186 1026 3239 utantur
1044 3181 1109 3257 ipsi,

192 3267 245 3326 sed
262 3267 294 3325 in
312 3285 381 3326 eum
400 3274 520 3328 servent
538 3276 684 3342 eventum,
704 3271 755 3346 qui
772 3276 807 3328 ut
820 3264 916 3346 potest
931 3288 987 3327 usu
1001 3271 1108 3343 venire,

190 3355 232 3414 ita
258 3356 323 3414 fieri
349 3363 446 3433 potest
472 3363 506 3417 ut
533 3377 682 3435 nunquam
711 3360 832 3433 incidat,
860 3359 977 3417 interim
1005 3378 1110 3418 aurum

191 3451 411 3522 argenbrmque‚
434 3448 512 3506 unde
535 3466 569 3506 ea
592 3449 633 3519 fit,
658 3448 699 3506 sic
723 3448 802 3524 apud
826 3467 858 3507 se
881 3449 996 3522 habent,
1020 3454 1054 3506 ut
1074 3449 1109 3506 ab

149 3544 175 3586 35
193 3533 272 3593 nullo
295 3534 390 3610 pluris
413 3537 593 3609 aestimetur,
616 3526 704 3613 quam
732 3556 831 3596 rerum
852 3538 983 3613 ipsarum
1006 3543 1109 3597 natura
