2512 4020
144 285 215 344 LIV
531 303 719 344 rmnrrruna.

146 474 322 544 principatum
347 475 381 528 ab
401 475 536 543 Vtcpianis
562 475 639 543 meiS,
666 475 729 543 quin
754 475 805 528 iam
831 492 902 528 nunc
927 475 992 527 mihi
1016 475 1108 528 videor

146 547 266 600 incedere
276 550 414 600 coronatus
428 546 523 614 insigni
536 546 579 599 illo
593 546 737 599 diademate
747 547 935 614 frumentaceo,
950 547 1107 614 conspicuus

146 617 328 687 paludamento
356 617 541 685 Franciseano,
574 619 726 685 praeterens
755 617 904 671 venerabile
932 621 1065 686 sceptrum
1094 634 1108 670 c

146 688 278 756 manipulo
296 689 388 757 frugis
414 688 524 756 stipatus
543 688 638 756 insigni
656 691 860 741 Amauratorum
879 689 1003 742 comitate
1029 692 1107 757 atque

146 760 182 813 ita
208 759 302 814 celebri
330 775 425 828 pompa
452 758 543 827 legatis
569 762 647 828 atque
673 759 834 828 principibus
857 759 966 813 aliarum
989 760 1107 829 gentium

146 848 283 885 occurrere
297 831 398 884 miseris
413 829 489 899 plane
498 847 561 899 prae
575 831 649 884 nobis
664 830 743 884 stulte
754 830 875 884 videlicet
888 831 1107 899 superbientibus

146 904 217 972 quod
230 903 335 956 veniant
344 902 429 956 ornati
442 902 576 970 pueriliter
589 905 616 955 ct
629 903 726 955 mundo
741 901 862 954 muliebri
875 903 961 955 onusti
976 902 1109 970 vinctique

146 990 210 1027 auro
229 973 264 1026 illi
283 973 428 1042 despuibili‚
447 990 565 1042 purpura
579 976 605 1026 et
618 974 728 1041 gemmis
742 975 821 1041 atque
835 972 892 1026 aliis
906 972 1011 1026 bullatis
1030 973 1108 1042 nugis

147 1044 287 1098 deridiculi.
326 1044 491 1113 Quamquam
514 1044 594 1098 nolim
618 1047 664 1097 aut
687 1047 713 1097 te
736 1048 782 1097 aut
803 1043 965 1098 Tunstallum
989 1048 1108 1097 nostrum

147 1118 174 1168 et
192 1114 301 1169 aliorum
315 1116 426 1184 ingeniis
440 1116 579 1169 aestimare
593 1131 643 1184 me,
663 1132 775 1183 quorum
791 1116 898 1168 fortuna
911 1131 996 1168 mores
1011 1118 1108 1169 mutat:

147 1187 266 1254 equidem
287 1189 312 1240 et
331 1187 354 1239 si
372 1187 474 1255 superis
493 1187 580 1239 visum
603 1190 644 1240 ost
670 1189 788 1240 nostram
811 1186 984 1240 humilitatem
1008 1186 1108 1240 adhoc

146 1257 243 1326 fastigii
258 1261 284 1311 et
298 1257 463 1311 sublimitatis
477 1257 597 1326 evehere,
617 1257 659 1311 cui
674 1256 774 1310 nullum
789 1257 889 1326 regium
905 1274 981 1326 posse
995 1257 1109 1311 conferri

149 1345 250 1397 censeo,
261 1329 359 1381 veteris
373 1331 461 1381 tamen
475 1327 544 1381 illius
560 1329 762 1398 consuetudinis,
778 1329 918 1397 quaemihi
932 1329 994 1382 olim
1008 1329 1109 1398 privato

147 1399 200 1453 fuit
221 1399 369 1468 vobiscum,
395 1416 532 1468 nunquam
556 1416 598 1452 me
622 1399 739 1453 sentietis
762 1400 951 1454 immemorem.
989 1399 1062 1465 Quod
1087 1399 1109 1452 si

148 1487 201 1524 non
216 1470 361 1539 gravemini
375 1470 506 1523 tantillum
520 1471 578 1524 viae
592 1473 688 1540 iacere,
703 1473 734 1524 ut
747 1471 870 1540 Vtcpiam
885 1471 996 1525 veniatis
1011 1472 1043 1524 ad
1058 1487 1108 1537 me,

148 1543 265 1611 profecto
284 1541 408 1610 efficiam,
431 1544 462 1594 ut
480 1542 604 1595 mortales
622 1558 721 1607 omnes,
748 1558 813 1610 quos
832 1541 986 1596 clementiae
1005 1544 1109 1596 nostrae

149 1613 216 1681 regit
234 1613 386 1682 imperium,
410 1613 435 1666 id
455 1613 558 1666 honoris
578 1613 719 1667 exhibeant
737 1613 822 1682 vobis,
847 1628 926 1682 quem
949 1613 1045 1666 debent
1062 1613 1108 1681 eis,

148 1701 213 1754 quos
232 1683 388 1752 intellegtmt
405 1684 521 1752 ipsorum
545 1684 654 1753 principi
677 1700 735 1737 esse
758 1685 913 1738 carissimos.
949 1684 1110 1738 Prosecutus

149 1772 221 1809 eram
240 1754 343 1824 longius
361 1755 410 1808 hoc
429 1754 607 1808 dulcissimum
626 1755 762 1824 somnium,
782 1756 828 1808 sed
843 1771 937 1808 aurora
950 1771 1110 1823 consurgens

148 1843 197 1881 vae
217 1827 312 1880 misero
330 1826 451 1879 discussit
470 1826 600 1880 somnium
619 1831 646 1879 et
664 1827 810 1895 principatu
836 1843 878 1880 me
897 1827 1013 1880 excussit
1031 1831 1110 1894 atque

149 1898 175 1950 in
195 1898 335 1967 pistrinum
354 1913 443 1950 meum
461 1914 512 1966 me,
532 1898 581 1951 hoc
600 1901 646 1965 est,
666 1897 694 1949 in
711 1898 799 1950 forum
818 1901 936 1951 revocat:
956 1898 1003 1951 hoc
1021 1901 1111 1951 tamen

149 1985 192 2022 me
206 1968 332 2036 consolor,
351 1969 421 2036 quod
434 1985 498 2022 vera
511 1985 592 2037 regna
606 1968 679 2022 video
693 1985 746 2022 non
760 1968 842 2022 multo
856 1968 1002 2037 prolixiora.
1035 1967 1110 2037 Vale,

149 2040 284 2095 carissime
302 2040 419 2093 Erasme.

220 2113 248 2166 t).
274 2113 342 2179 App.
358 2112 400 2165 91.
439 2110 570 2164 Gerardus
584 2111 762 2179 Noviomagus
781 2127 814 2163 an
833 2111 966 2165 Erasmus.
1003 2110 1109 2178 waen.

151 2183 192 2238 12.
207 2182 273 2236 Nov.
290 2183 367 2236 1516.
404 2182 429 2233 V
442 2182 516 2251 opiae
539 2181 727 2250 imprimendae
753 2182 912 2250 provinciam
939 2181 1111 2235 Theodericus

151 2256 240 2307 noster
262 2253 345 2307 libens
369 2270 399 2306 ac
422 2255 538 2322 gaudens
561 2252 683 2321 suscepit.
725 2252 831 2307 Insulae
854 2253 936 2321 ipsius
959 2252 1073 2320 figuram
1096 2267 1112 2306 a

149 2327 261 2394 quodam
276 2325 379 2393 egregio
394 2324 492 2393 pictore
507 2325 623 2378 effictam
641 2324 791 2378 Paludanus
809 2327 899 2378 noster
917 2323 962 2377 tibi
977 2324 1111 2390 ostondet;

149 2396 419 2521 lulbdemtllll
441 2395 1112 2521 111151111111111111111111111111111

151 2540 265 2606 prodeat,
284 2541 314 2590 ut
332 2537 413 2607 prosit
432 2485 528 2608 leetllri,
548 2483 759 2592 non'offendat.p
978 2483 995 2534 p

223 2611 267 2664 10.
288 2609 402 2678 Epalo.
432 2610 556 2664 Erasmus
576 2626 609 2662 an
624 2609 757 2678 Aegidius.
785 2608 902 2677 Briissel‚
917 2610 958 2662 13.
966 2608 1112 2663 Nov.1518

151 2680 302 2749 (11511516,
322 2681 404 2733 Raieh
422 2680 449 2736 S.
464 2683 499 2749 3).
536 2681 632 2749 Vtcpia
650 2681 677 2733 in
696 2680 817 2734 manibus
836 2684 876 2733 est
893 2679 1058 2748 typographi.

223 2755 267 2806 11.
281 2752 384 2820 Vtcpia.
408 2752 455 2805 Ed.
466 2752 594 2820 princeps.
618 2751 672 2805 Fol.
683 2753 722 2806 4³.
747 2753 767 2805 I.
778 2750 929 2806 Paludanus
939 2749 1113 2804 Cassilitensis

151 2837 185 2875 an
210 2823 240 2877 P.
262 2823 395 2891 Aegidius.
441 2826 464 2876 1.
478 2824 542 2876 Dee.
565 2825 642 2877 1516.
680 2823 802 2890 Vtcpiam
827 2822 894 2875 Mori
919 2821 957 2874 tui
982 2821 1114 2890 simulque

151 2893 340 3018 {gigrantrmata
363 2892 414 2962 legi
439 2911 487 2947 nec
513 2893 576 2947 satis
601 2893 654 2946 scio
680 2893 813 2946 maioreno
837 2910 897 2946 cum
921 2892 1054 2961 voluptate
1079 2908 1113 2947 an

186 2981 323 3018 nnrarono

224 3036 268 3091 1⁶3.
292 3039 359 3105 App.
374 3037 435 3090 221.
472 3036 563 3090 Morus
581 3051 615 3088 an
633 3036 784 3089 Erasmus1.
820 3037 861 3089 15.
876 3036 939 3089 Dee.
961 3037 1029 3089 1517
1057 3034 1114 3104 (lies

154 3108 236 3174 1516,
263 3107 343 3161 Reich
361 3107 432 3173 57).
469 3107 494 3159 V
507 3107 592 3175 opiam
610 3111 726 3160 nostram
746 3123 779 3160 er
802 3107 854 3160 tuis
879 3105 971 3160 litteris
990 3109 1115 3176 concepta

152 3192 206 3247 spe,
227 3195 306 3247 quam
324 3178 399 3232 avide
418 3179 521 3247 devoro,
540 3178 568 3230 in
587 3178 640 3231 dies
659 3195 729 3231 nunc
744 3181 866 3247 exspecto
880 3178 951 3230 haud
964 3176 1014 3232 alio
1028 3178 1115 3232 animo

153 3264 232 3317 quam
252 3253 336 3302 mater
354 3265 479 3319 peraegre
497 3250 650 3302 redeuntem
669 3248 761 3303 filium.

224 3321 269 3376 13.
295 3323 362 3389 App.
384 3320 433 3373 No.
448 3321 491 3373 44.
528 3320 666 3388 Mountp'oy
694 3337 728 3374 an
746 3321 879 3374 Erasmus.
915 3321 1019 3374 4.]1111.
1045 3322 1113 3375 1517

152 3390 245 3460 (Reieh
267 3391 293 3445 S.
305 3393 340 3458 i).
377 3391 491 3445 Litteras
514 3391 591 3444 simul
614 3395 641 3445 et
663 3391 759 3445 librum
781 3391 814 3444 dc
832 3392 928 3460 Vtcpia
950 3390 1037 3445 insula
1055 3407 1071 3444 a
1089 3395 1116 3446 te

225 3554 241 3604 ¹)
256 3555 356 3594 Antwcrt
370 3552 410 3594 auf
423 3551 488 3594 cinon
501 3551 632 3594 verloronen
645 3551 707 3594 Brict
720 3551 759 3593 des
774 3551 885 3593 Erasmus.
