2512 4020
149 293 189 352 26
507 310 610 366 nonve,
634 310 746 351 119111.

189 487 295 560 index,
328 487 509 564 deprehenso
538 493 639 564 parata
667 486 795 546 vindicta
823 490 920 565 neque
952 487 1021 563 spes'
1050 487 1111 546 ulla

190 594 310 653 prorsus
338 576 468 652 fugiendi
497 594 652 653 quoquam.
698 575 761 649 Quo
788 577 868 635 enim
889 582 974 654 paeto
997 576 1111 636 falleret

189 684 224 724 99
253 670 365 741 tegeret
392 665 494 740 fugam
521 666 608 724 homo
635 664 718 724 nulla
739 665 867 724 vestium
894 670 978 743 parte
1001 665 1109 742 populo

191 754 303 828 similis,
327 753 384 812 nisi
406 755 491 813 abeat
512 754 630 812 nudus?
658 752 735 827 Quin
759 755 801 813 sic
819 773 936 832 quoque
949 754 1109 830 fugientem

159 858 172 898 o
190 843 327 920 proderet
339 842 477 902 91119111.
504 844 581 901 Atne
603 842 674 902 inito
697 843 801 902 saltem
824 844 945 902 consilio
958 843 1110 902 coniurent

190 932 221 990 in
248 932 500 1008 rempublicam?
529 931 565 990 ld
588 931 707 990 demum
731 932 841 992 scilicet
863 932 1028 1010 periculum
1050 933 1108 991 est!

191 1020 280 1093 Quasi
302 1021 332 1079 in
355 1025 465 1079 tantam
488 1021 587 1079 venire
610 1039 692 1097 spem
716 1021 777 1080 ulla
798 1022 891 1098 possit
917 1021 1024 1080 vicinia
1051 1038 1109 1079 non

162 1180 164 1184 Ι
190 1110 309 1169 tentatis
322 1128 356 1168 ac
370 1109 532 1169 sollicitatis
546 1114 613 1168 ante
626 1110 786 1168 multarum
800 1101 951 1186 regionum
967 1110 1109 1183 serviciis,

191 1216 266 1276 quae
294 1197 409 1257 tantum
439 1199 545 1257 absunt
572 1217 590 1256 a
613 1199 751 1258 facultate
780 1199 980 1276 conspirandi,
1010 1204 1044 1258 11
1073 1217 1109 1258 19

147 1301 172 1342 ro
191 1288 346 1347 convenire
368 1287 487 1364 quidem
510 1294 541 1346 et
563 1287 698 1364 conloqui
725 1293 776 1346 aut
804 1288 929 1347 salutare
953 1306 984 1360 99
1008 1292 1109 1346 mutuo

190 1377 288 1450 liceat,
318 1382 353 1435 11
388 1377 544 1436 credantur
577 1376 693 1436 interim
723 1376 753 1435 id
770 1377 935 1436 'consilium
964 1377 1109 1454 intrepide

191 1466 328 1525 creditam
337 1465 407 1538 9119,
418 1465 494 1542 quod
505 1466 694 1525 reticentibus
703 1466 908 1542 periculosum,
918 1465 1109 1543 prodentibus

190 1555 317 1614 maximo
331 1572 396 1614 9999
411 1555 484 1614 bono
500 1554 601 1628 sciant,
624 1573 692 1614 cnm
711 1560 811 1634 contra
829 1573 915 1614 nemo
936 1555 975 1614 sit
988 1572 1110 1631 prorsus

190 1661 298 1720 exspes
327 1643 503 1702 oboediendo
533 1661 568 1702 ao
596 1644 787 1720 praeferendo
817 1645 980 1721 bonamque
1010 1643 1047 1702 de
1077 1661 1110 1702 se

147 1746 172 1786 15
191 1732 355 1808 praebendo
379 1750 462 1809 spem
485 1732 690 1791 emendatioris
711 1733 742 1790 iu
765 1738 915 1810 posterum
930 1733 1008 1792 vitae
1022 1749 1110 1809 posse

190 1821 237 1879 his
249 1821 345 1880 modis
353 1821 424 1894 fieri,
439 1828 473 1880 ut
481 1821 644 1880 libertatem
658 1822 814 1898 aliquando
828 1827 989 1898 recuperet,
1000 1821 1109 1898 quippe

191 1910 282 1968 nullo*
307 1928 367 1969 non
402 1928 478 1969 anno
514 1910 659 1970 restitutis
703 1911 814 1988 aliquot
858 1910 1109 1970 commendatione

190 1999 380 2075 patientiam

257 2088 337 2147 Haec
366 2106 434 2147 cum
461 2088 604 2148 dixissem
630 2094 719 2166 atque
746 2088 918 2148 adiecissem
941 2087 1014 2146 nihil
1037 2087 1110 2146 mihi

146 2189 173 2230 ao
191 2177 283 2235 videri
305 2194 430 2250 991999.
452 2195 541 2253 quare
570 2195 629 2236 non
656 2178 706 2236 hic
736 2178 842 2237 modus
871 2177 971 2237 haberi
1000 2178 1051 2236 vel
1078 2176 1111 2235 iu

190 2266 297 2341 Anglia
328 2266 423 2343 possit
453 2268 546 2325 multo
576 2266 684 2326 maiore
715 2285 783 2326 oum
812 2268 910 2325 1111911
940 2284 1030 2343 quam
1058 2265 1110 2324 illa

190 2354 308 2430 iustitia,
339 2374 428 2432 quam
456 2355 529 2414 iuris
551 2354 601 2414 1119
623 2356 735 2432 peritus
758 2361 908 2433 tantopere
931 2355 1109 2424 laudaverat,

191 2444 245 2503 sub
274 2445 347 2503 haec
373 2443 436 2518 ille,
469 2463 574 2521 nempe
603 2444 667 2504 inre
703 2444 867 2519 consultus,
898 2443 1109 2520 “Nunquam”‚

190 2532 296 2609 inquit,
325 2532 425 2591 “istud
454 2533 496 2592 919
524 2533 644 2592 stabiliri
671 2541 759 2610 queat
785 2534 816 2592 in
835 2534 961 2608 ‘Anglia‚
989 2538 1023 2591 ut
1050 2550 1111 2591 non

146 2633 172 2676 25
191 2622 221 2679 in
232 2630 380 2680 summum
393 2621 551 2681 discrimen
564 2622 690 2681 adducat
705 2641 769 2682 rem
777 2622 952 2699 publicam!l
971 2621 1014 2680 Et
1020 2621 1111 2680 simul

190 2711 263 2770 haec
286 2711 385 2769 dicens
408 2712 564 2770 commovit
586 2713 674 2788 caput
696 2730 731 2770 ac
749 2711 879 2770 distorsit
891 2711 1007 2770 labrum
1020 2716 1110 2788 atque

189 2800 231 2858 ita
253 2800 399 2859 conticuit.
442 2800 481 2858 Et
504 2818 604 2860 omnes
627 2801 679 2877 qui
700 2802 821 2860 aderant
843 2800 968 2878 pedibus
990 2800 1022 2858 iu
1045 2799 1111 2860 eius

190 2888 271 2947 ibant
294 2889 475 2948 sententiam.
511 2888 588 2948 Tum
610 2889 766 2949 cardinalis
788 2889 877 2948 “Non
899 2889 976 2963 est'’‚
1005 2888 1110 2967 inquit,

192 2977 336 3054 “proclive
359 2978 501 3052 divinare,
531 2979 719 3038 commodene
746 2996 892 3038 9199919
919 2996 1112 3038 1999999119

145 3078 173 3119 ao
193 3067 232 3125 sit
253 3066 335 3125 nullo
358 3067 482 3144 prorsus
497 3067 574 3126 iacto
588 3068 726 3143 periculo.
758 3067 869 3126 Verum
884 3066 910 3127 91
923 3067 1112 3144 pronuntiata

190 3155 292 3214 mortis
321 3156 465 3215 sententia
492 3155 603 3215 differri
625 3157 827 3216 executionem
849 3157 948 3215 iubeat
969 3155 1112 3234 princeps

191 3250 277 3320 atque
312 3245 392 3303 huno
427 3245 595 3321 experiatur
634 3264 746 3304 morem
789 3245 923 3305 cohibitis
957 3246 1112 3321 asylornm

191 3333 359 3409 privilegiis,
382 3340 448 3392 tum
468 3351 545 3407 vero,
569 3334 594 3392 si
616 3353 664 3394 199
687 3336 892 3411 comprobetur
913 3340 1021 3394 eventu
1043 3353 1112 3396 esse

95 3498 98 3501 Α
191 3421 281 3495 utilis,
304 3429 416 3481 rectum
439 3422 527 3482 fuerit
544 3440 608 3481 eam
624 3423 760 3500 stabiliri3
784 3424 892 3501 alioqui
905 3430 976 3482 tunc
991 3442 1112 3503 quoque

145 3511 317 3570 9191119919
341 3512 482 3588 supplicio
505 3529 563 3585 999,
587 3512 729 3588 quisunt
753 3518 820 3571 ante
843 3513 985 3588 damnati,
1012 3531 1113 3593 neque

642 3739 761 3767 ,κώ-
