2512 4020
148 296 189 355 88
506 313 608 370 nonve,
632 314 745 357 vrorru.

190 490 299 551 tatione
322 509 406 550 nemo
429 490 523 567 possit
544 508 661 563 eruere,
691 490 728 548 ad
755 508 843 566 quam
870 489 1108 565 investigandam

190 598 287 658 neque
311 597 443 639 crassum
462 579 542 655 vulgi
564 579 706 638 iudicium
729 585 818 655 queat
841 579 986 654 attingere
1009 597 1107 656 neque

192 669 304 728 vitain
327 669 521 745 comparando
543 668 624 727 victu
647 674 788 743 occupata
811 668 967 727 sufficere?

257 758 312 817 His
335 776 437 817 eorum
452 757 610 816 virtutibus
632 757 746 815 incitati
768 756 894 829 finitimi,
917 757 1108 833 quiquidem

160 847 279 905 eliberi
308 851 377 906 sunt
406 852 436 906 et
463 864 534 905 suae
564 846 678 922 spontis
707 846 827 922 (multos
856 845 934 905 enim
961 845 1020 922 ipsi
1046 846 1109 904 iam

190 935 260 995 olim
283 935 439 1010 tyrannide
461 934 679 1010 liberaverunt),
701 935 891 1009 magistratus
915 934 971 994 sibi
983 936 1020 993 ab
1037 935 1108 1009 illis,

190 1024 241 1083 alii
250 1025 415 1102 quotannis
429 1024 480 1083 alii
492 1024 523 1082 in
536 1023 671 1097 lustrum,
687 1023 853 1099 impetrant
863 1041 937 1100 quos
951 1023 1109 1082 defunctos

190 1113 312 1190 imperio
336 1132 404 1173 cum
426 1114 535 1172 honore
558 1131 593 1171 ac
614 1112 701 1171 lande
724 1113 877 1186 reducunt,
899 1130 990 1170 novos
1005 1130 1109 1171 secum

191 1220 295 1261 rursus
318 1202 350 1261 in
373 1202 497 1278 patriam
520 1203 673 1261 revehunt.
705 1203 805 1277 Atque
823 1201 854 1258 hi
869 1201 990 1278 quidem
1003 1201 1109 1277 populi

147 1304 173 1345 ro
191 1292 302 1368 optime
325 1292 453 1368 profecto
477 1309 511 1350 ac
534 1291 724 1350 saluberrime
746 1289 789 1349 rei
805 1290 940 1366 publicae
954 1308 1025 1349 suae
1039 1308 1109 1349 con-

191 1381 307 1439 sulunt:
336 1380 421 1439 cuius
445 1384 475 1439 et
498 1379 578 1438 salus
600 1385 631 1439 et
653 1379 800 1454 pernicies
823 1397 891 1437 cum
914 1380 950 1437 ab
976 1379 1109 1438 moribus

190 1469 416 1545 magistratuum
446 1469 585 1544 pendeat,
616 1486 759 1544 quosnam
785 1468 952 1543 potuissent
978 1467 1109 1543 elegisse

190 1558 379 1634 pnidentius‚
409 1575 497 1634 quam
527 1557 578 1634 qui
605 1575 701 1633 neque
729 1557 789 1615 ullo
816 1557 910 1632 pretio
939 1562 1048 1633 queant
1070 1558 1109 1616 ab

191 1647 312 1706 honesto
342 1646 461 1719 deduci,
491 1650 594 1722 utpote
621 1646 700 1722 quod
727 1646 810 1704 brevi
838 1645 876 1704 sit
902 1646 1109 1720 remigraturis

146 1747 172 1789 15
192 1745 256 1801 [siju]
274 1735 388 1810 inutile,
400 1729 403 1818 1
416 1753 521 1812 neque,
535 1735 628 1810 ignoti
638 1735 759 1807 civibus,
768 1739 820 1793 aut
828 1753 918 1810 pravo
932 1735 1109 1811 cuiusquam

191 1824 288 1884 studio
315 1828 366 1883 cut
389 1824 537 1883 simultate
559 1814 652 1896 flecti,
681 1841 757 1900 quae
780 1823 837 1882 duo
860 1824 945 1896 mala
973 1823 1109 1883 adtectus

190 1918 278 1990 cupre
297 1913 445 1987 avaritiae,
461 1913 556 1971 sicubi
570 1913 728 1971 incubuere
742 1912 867 1985 iudiciis,
881 1912 950 1971 ilico
963 1912 1109 1971 iustitiam

191 2019 316 2071 omnem,
339 2001 533 2061 fortissimum
555 2001 600 2060 rei
614 2001 748 2077 publicae
762 2019 895 2073 nervum,
919 2001 1109 2060 dissolvunt?

190 2089 253 2150 Hos
277 2090 414 2168 Vtopiani
437 2091 572 2166 populos,
601 2090 707 2166 quibus
731 2091 782 2165 qui
804 2090 950 2166 imperent
971 2091 1008 2149 ab
1031 2089 1108 2166 ipsis

145 2191 173 2234 ao
191 2184 343 2256 petuntur,
371 2180 522 2256 appellant
549 2179 660 2252 socios,
691 2185 819 2252 ceteros,
851 2197 926 2256 quos
953 2179 1108 2238 beneficiis

190 2274 346 2340 cinxerunt,
368 2269 480 2327 amicos
502 2273 615 2327 vocant.

257 2357 394 2431 Foedera,
405 2375 480 2435 quoe
489 2357 621 2434 reliquae
630 2357 708 2415 inter
717 2374 750 2415 se
759 2362 865 2432 gentes
873 2357 982 2416 totiens
995 2356 1108 2431 ineunt

190 2446 330 2521 frangunt
351 2464 386 2505 ac
408 2451 562 2518 renovant,
592 2446 651 2521 ipsi
677 2446 759 2504 nulla
785 2463 854 2504 cum
877 2451 966 2521 gente
988 2446 1108 2504 feriunt.

190 2534 336 2608 Quorsum
358 2535 438 2594 enim
460 2535 572 2599 foedus,
594 2534 739 2610 inquiunt„
768 2534 852 2611 qnasi
874 2552 933 2593 non
956 2534 1107 2593 hominem

145 2634 172 2678 ao
191 2624 301 2682 homini
324 2624 397 2682 satis
418 2629 523 2682 natrua
536 2623 693 2682 conciliet?
716 2621 810 2696 Quam
823 2623 875 2699 qui
888 2623 1107 2698 contempserit„

190 2713 271 2772 hunc
293 2713 382 2772 rerba
404 2713 519 2772 scilicet
540 2718 628 2788 putes
655 2715 846 2771 curaturum?
882 2712 917 2770 In
940 2712 1017 2770 hanc
1039 2729 1108 2770 sen-

190 2802 312 2860 tentiam
326 2820 362 2861 eo
371 2801 419 2861 vel
434 2800 562 2860 maxime
571 2801 736 2873 trahuntrm
751 2800 830 2876 quod
842 2801 875 2858 in
888 2801 948 2859 illis
961 2807 1108 2859 terrarum

190 2891 288 2967 plagis
310 2890 430 2950 foedera
452 2896 594 2966 pactaque
617 2889 783 2966 principum
804 2890 899 2948 solent
911 2908 1016 2966 parum
1031 2890 1108 2948 bona

189 2978 251 3038 fide
273 2979 394 3039 serrari.
425 2979 543 3038 Etenim
558 2978 589 3037 in
602 2978 720 3055 Europa
741 2978 831 3054 idque
853 2977 901 3037 his
919 2978 1107 3054 potissimum

144 3080 173 3122 so
191 3067 332 3144 partitum,
354 3085 428 3145 quas
442 3067 554 3127 Christi
576 3067 652 3126 fides
675 3075 707 3126 et
728 3067 831 3142 religio
845 3067 986 3143 possidet,
1006 3072 1108 3126 sancta

190 3164 288 3216 estet
312 3156 488 3218 inviolabilis
511 3156 618 3233 ubique
645 3156 784 3215 maiestas
810 3156 971 3229 foederum,
998 3155 1107 3232 partim

190 3244 256 3322 ipsu
277 3245 390 3305 iustitia
411 3251 442 3305 et
464 3245 591 3304 bonitate
603 3245 778 3322 principum.
800 3245 908 3321 partim
923 3262 1107 3304 summorum

191 3334 355 3394 reverentia
383 3342 524 3411 metuque
553 3334 740 3410 pontificum.
769 3333 820 3410 qui
849 3341 884 3392 ut
911 3334 988 3392 nihil
1013 3333 1045 3391 in
1073 3352 1107 3392 se

191 3423 336 3499 recipiunt
358 3423 424 3500 ipsi,
453 3423 532 3500 quod
555 3440 613 3481 non
635 3422 857 3497 religiosissime
879 3429 1043 3499 praestant,
1065 3423 1108 3482 ita

144 3524 173 3566 at
191 3524 305 3572 ceteros
326 3530 429 3572 ornnes
452 3512 600 3589 principes
623 3512 731 3571 iubent.
755 3520 789 3569 ut
811 3511 949 3587 pollicitm
969 3512 1107 3571 omnibus
