2512 4020
472 315 579 370 noum,
604 316 715 355 vrorm.
1034 300 1075 357 55

161 493 321 567 neglectim
345 499 397 552 aut
418 493 544 569 pellibus
557 492 741 566 amiciuntur,
760 511 834 568 qirae
848 493 878 550 in
893 493 1078 568 septennium

161 581 276 641 durent.
321 582 396 641 Cum
423 582 585 658 procedunt
611 582 642 639 in
669 582 832 657 publicum,
864 581 1078 657 superinduunt

113 682 191 737 [cuju]
220 671 406 745 chlamydem
428 677 550 744 vestem,
581 689 654 746 quae
677 671 774 728 rudio-
795 671 799 750 1
820 688 868 728 res
891 670 957 728 illas
979 677 1078 729 vestes

161 766 313 835 contegat3
338 760 401 818 eius
424 778 477 835 per
499 765 590 817 totam
604 760 731 818 insulam
747 778 823 817 unus
839 759 917 818 color
931 765 1078 835 astatque

126 849 187 907 sis
200 849 325 907 nativus.
355 849 458 925 ltaque
480 848 556 906 lanei
578 848 667 924 panni
689 866 746 907 non
769 849 855 907 modo
869 848 961 906 multo
980 839 1078 906 minus

161 956 251 1014 quarn
281 956 406 1014 usquam
435 938 503 996 alibi
534 938 654 1010 sufficit,
684 956 786 995 verum
814 937 840 995 is
868 937 933 1012 ipse
961 955 1078 1013 quoque

160 1027 254 1085 multo
276 1026 398 1085 minoris
420 1027 561 1102 impendii
583 1032 637 1084 est.
674 1027 715 1084 At
737 1026 789 1084 lini
812 1026 908 1083 minor
930 1031 976 1084 est
996 1026 1079 1084 labor

160 1134 253 1192 eoque
270 1134 355 1174 -usus
382 1116 525 1190 crebrior,
560 1116 610 1173 sed
640 1115 671 1172 in
693 1115 770 1173 lineo
794 1116 875 1173 solus
898 1115 1018 1188 candor,
1048 1115 1078 1172 in

159 1205 244 1263 laneo
268 1205 328 1263 sola
350 1205 508 1263 mundities
531 1203 716 1279 conspicitur,
740 1203 855 1261 nullum
873 1203 1012 1261 tenuioris
1035 1204 1076 1262 fili

110 1307 140 1349 10
159 1294 288 1370 pretium
312 1299 365 1352 est.
410 1293 513 1369 itaque
535 1294 581 1366 fit,
606 1299 652 1366 ut,
677 1312 744 1351 cum
767 1292 836 1350 alibi
858 1311 1004 1368 nusquam
1027 1293 1078 1350 uni

160 1382 271 1441 homini
301 1388 438 1458 quattuor
468 1390 518 1441 aut
550 1382 677 1458 quinque
707 1388 791 1457 togae
820 1383 922 1440 lancae
953 1381 1078 1440 diversis

159 1471 306 1531 coloribus
320 1490 354 1530 ac
367 1471 488 1530 totidem
504 1471 623 1529 sericiae
637 1471 752 1529 tunicae
767 1464 921 1544 sufficiant,
932 1471 1078 1529 delicatio-

161 1561 243 1619 ribus
266 1560 354 1636 paulo
377 1579 414 1618 ne
437 1560 539 1618 desem
562 1560 689 1637 quidem,
717 1561 758 1618 ibi
782 1579 840 1618 una
863 1559 987 1635 quisque
1011 1577 1078 1618 con-

160 1655 259 1708 tentus
281 1649 319 1708 sit
341 1649 514 1726 plerumque
537 1649 567 1706 in
590 1649 747 1707 biennium.
783 1647 897 1724 Quippe
916 1667 969 1707 nec
990 1666 1078 1706 causa

112 1753 140 1792 15
162 1744 209 1797 est
231 1739 300 1812 ulla,
328 1757 381 1797 cur
403 1738 503 1814 plures
526 1738 660 1810 adfectet,
689 1755 763 1813 quas
787 1743 960 1795 consecutus
983 1755 1078 1813 neque

160 1827 303 1887 adversus
326 1827 420 1902 frigus
442 1833 520 1886 esset
542 1827 682 1885 munitior
698 1845 793 1902 neque
809 1826 916 1885 vestitu
930 1826 1078 1884 videretur

160 1918 211 1975 vel
232 1916 292 1993 pilo
315 1917 427 1975 cultior.
461 1915 664 1994 Quamobrem,
688 1934 756 1973 cum
780 1922 810 1974 et
833 1933 933 1973 omnes
956 1915 1077 1974 utilibus

161 2023 227 2065 sese
250 2005 361 2064 artibus
376 2011 533 2064 exerceant
547 2011 577 2064 et
590 2005 720 2080 ipsarum
735 2005 824 2063 etiam
838 2022 926 2080 opera
940 2004 1077 2079 pauciora

160 2094 322 2168 sufficiant,
351 2095 384 2153 fit
406 2095 554 2167 nimirum,
583 2099 615 2151 ut
637 2094 803 2152 abundante
826 2112 925 2163 rerum
949 2093 1079 2151 omnium

112 2198 140 2238 ao
161 2184 245 2261 copia
267 2183 415 2242 interdum
437 2184 468 2240 in
487 2183 676 2257 ,reficiendam
705 2182 729 2240 si
757 2201 832 2258 quae
856 2182 976 2240 detritae
999 2189 1077 2254 sunt,

160 2272 224 2331 vias
233 2272 366 2349 publicas
378 2273 552 2349 immensam
566 2271 782 2330 multitudinem
793 2272 926 2344 educant,
937 2289 1078 2346 persaepe

161 2361 258 2435 etiam,
281 2380 348 2420 cum
371 2380 426 2420 nec
449 2361 516 2420 talis
539 2361 702 2437 cuiuspiam
726 2361 822 2436 operis
846 2378 918 2418 usus
936 2366 1077 2432 occurrat,

160 2450 312 2526 pauciores
341 2451 427 2509 horas
458 2450 595 2526 operandi
623 2450 738 2525 publice
766 2449 951 2508 denuntient:
983 2467 1077 2524 neque

71 2604 72 2608 ,
160 2539 239 2598 enim
285 2557 498 2615 supervacaneo
543 2538 640 2597 labore
677 2539 757 2597 cives
796 2539 902 2597 invitos
939 2542 1079 2595 exercent

112 2642 140 2684 25
160 2627 357 2702 magistratus,
380 2627 616 2704 quandoquidem
638 2628 701 2685 eius
722 2628 766 2685 rei
786 2627 919 2703 publicae
933 2626 1077 2684 institutio

160 2717 242 2776 huno
265 2735 356 2775 unum
380 2735 502 2792 scopum
524 2717 555 2774 in
578 2717 680 2792 primis
701 2717 828 2792 respicit,
852 2722 894 2790 ut,
917 2715 1012 2792 quoad
1025 2734 1078 2791 per

160 2805 293 2882 publicas
316 2806 509 2865 necessitates
532 2807 612 2879 licet,
640 2825 728 2882 quam
755 2805 915 2881 plurimum
937 2805 1077 2879 temporis

159 2896 196 2967 ab
225 2895 343 2954 servitio
373 2895 502 2971 corporis
531 2895 568 2952 ad
596 2894 685 2952 animi
713 2894 875 2952 libertatem
908 2894 1077 2970 cultumque

161 2984 276 3043 civibus
298 2984 445 3043 universis
468 2984 627 3042 adseratur.
672 2983 708 3041 ln
731 3001 764 3042 eo
788 2983 866 3042 enim
890 2983 975 3040 sitam
999 2982 1077 3040 vitae

112 3087 141 3128 oo
159 3073 330 3133 felicitatem
352 3078 464 3150 putant.

389 3233 438 3292 Dc
461 3232 684 3291 commerciis
707 3233 848 3290 mutuis.

228 3339 286 3399 Sed
313 3339 371 3398 iam
406 3358 463 3416 quo
492 3344 577 3415 pacto
608 3357 673 3397 sese
708 3346 808 3397 mutuo
840 3340 920 3397 cives
950 3343 1076 3411 utantm·,

160 3446 235 3506 quae
265 3429 365 3505 populi
391 3429 470 3487 inter
499 3446 530 3486 se
558 3428 730 3486 commercia
759 3446 892 3504 quaeque
920 3427 958 3485 sit
981 3427 1076 3484 distri-

160 3517 342 3579 buendarum
365 3537 463 3578 rerum
486 3519 588 3591 forma,
612 3517 727 3575 videtur
751 3516 967 3593 explicandum.
1002 3516 1076 3574 Cum
