2512 4020
455 342 558 395 nonus,
582 343 694 383 vrorm.
1016 326 1078 385 111

163 526 227 579 tum
250 520 333 579 exitu
356 520 393 579 ad
417 538 450 578 se
470 520 605 597 recipiat,
630 539 717 596 quam
736 521 794 579 aito
809 538 910 580 serove
924 521 1082 598 praefinire

138 636 140 639 v
164 608 282 685 quidem
310 627 367 668 non
390 609 499 668 audere
523 627 567 682 se,
595 627 785 685 quamquam,
814 610 910 686 quoad
937 610 1082 669 inoffensa

162 699 226 757 eius
242 698 394 758 maiestate
408 698 467 772 fiat,
490 698 583 756 multo
605 698 699 773 magis
721 698 781 774 ipsi
798 700 930 757 futunrm
946 699 1026 758 cordi
1041 700 1083 758 sit

163 787 337 846 difficillima
359 793 453 846 morte
476 787 553 845 obita
575 787 614 846 ad
628 786 724 846 Deum
747 787 907 863 pervadere
930 806 1019 864 quam
1042 789 1081 847 ab

132 889 144 928 s
164 894 198 935 eo
213 876 324 935 diutius
338 876 534 952 prospenimo
546 876 623 935 vitae
637 894 726 935 eursu
741 876 880 935 distineri.
913 876 977 935 Hae
991 895 1082 953 p1eee

163 965 241 1023 dieta
272 982 376 1024 rursus
406 965 436 1022 in
464 970 575 1023 terram
603 965 688 1041 proni
718 965 865 1041 pauloque
894 972 961 1042 post
989 967 1078 1025 erecti

164 1053 320 1112 discedunt
349 1071 488 1129 pransmn
518 1059 561 1122 et,
592 1054 671 1130 quod
695 1063 830 1129 superest
852 1053 924 1128 diei,
947 1055 1026 1114 ludis
1049 1062 1080 1114 et

164 1142 303 1201 exercitio
326 1143 462 1201 militaris
485 1142 666 1218 disciplinae.
680 1148 864 1219 percurrunt.

229 1411 380 1487 Desenpsi
394 1410 486 1484 vobis,
503 1428 592 1486 quam
607 1411 688 1486 potui
701 1410 862 1484 verissime,
877 1410 940 1469 eius
955 1412 1081 1469 formam

119 1514 144 1552 ru
162 1500 206 1558 rei
235 1499 383 1575 publicae,
412 1518 500 1576 quam
527 1517 582 1574 ego
609 1505 689 1558 certe
712 1518 770 1557 non
793 1499 932 1575 optimam
955 1505 1081 1572 tantum,

163 1588 216 1647 sed
240 1588 332 1647 solam
355 1588 444 1647 etiam
468 1606 583 1662 censeo,
607 1606 682 1664 quae
705 1589 761 1647 sibi
776 1606 829 1647 suo
842 1586 909 1647 iure
924 1589 1018 1664 possit
1036 1589 1077 1648 rei

161 1677 296 1753 publicae
323 1677 471 1736 vindicare
498 1676 681 1736 voeabulum.
734 1677 766 1736 Si
794 1677 913 1754 quidem
941 1677 1012 1736 alibi
1041 1679 1081 1736 de

162 1766 279 1842 publieo
308 1767 463 1842 loquentes
490 1767 599 1842 ubique
621 1765 772 1825 commodo
795 1767 942 1842 privatum
965 1772 1079 1837 emant,

161 1855 210 1914 bio
238 1855 288 1914 ubi
319 1854 393 1913 nihil
421 1855 528 1931 privati
555 1860 613 1928 est,
645 1855 719 1914 serio
749 1855 899 1931 publicum
928 1855 1075 1930 negotium

118 1957 142 1998 ra
160 1951 266 2020 agunt,
301 1950 379 2004 certe
414 1944 570 2021 utrobique
602 1944 715 2003 merito.
759 1944 837 2003 Nam
865 1944 936 2003 aiibi
970 1950 1080 2021 quotus

162 2034 288 2110 quisque
311 2038 359 2092 est
381 2033 432 2109 qui
454 2033 575 2107 nesciat,
598 2033 656 2091 nisi
680 2033 752 2109 quid
769 2050 904 2092 seorsum
918 2033 1078 2109 prospiciat

162 2122 230 2196 sibi,
267 2121 457 2199 quantumvis
486 2122 607 2181 florente
636 2140 668 2180 re
699 2121 817 2198 publiea
854 2128 948 2181 semet
980 2128 1077 2181 tamen

162 2211 238 2270 fame
250 2211 435 2287 periturum?
466 2211 568 2287 quue
582 2211 743 2270 necessitas
757 2216 852 2286 urget,
870 2216 905 2270 ut
920 2210 967 2270 sui
980 2211 1080 2287 potius

162 2318 251 2376 quam
273 2299 383 2376 populi,
405 2299 436 2357 id
451 2305 497 2359 est
510 2300 641 2373 aliorum,
665 2300 830 2359 habendam
856 2300 911 2358 sibi
934 2300 1078 2359 rationem

117 2400 144 2442 20
162 2393 287 2448 censeat.
333 2389 441 2448 Contra
463 2388 520 2462 bio,
545 2389 594 2462 ubi
618 2389 715 2447 omnia
738 2389 867 2447 omnium
892 2394 969 2462 sunt,
992 2407 1080 2447 nemo

118 2488 205 2542 11111111]
220 2478 342 2551 dubitat,
354 2471 358 2561 Ι
371 2484 490 2536 curetur
504 2478 598 2552 modo,
615 2483 649 2536 ut
662 2478 749 2554 plena
765 2479 825 2537 sint
837 2478 943 2537 horrea
951 2478 1079 2554 publiea,

162 2566 318 2643 quiequam
332 2566 437 2643 privati
451 2567 588 2643 cuiquam
603 2585 660 2625 non
670 2566 848 2626 defuturum.
880 2566 985 2643 Neque
999 2566 1076 2626 enim

161 2655 290 2731 maligna
326 2673 424 2714 rerum
461 2655 626 2714 distributio
657 2662 703 2715 est
733 2660 831 2732 neque
863 2656 948 2732 inops
980 2673 1079 2732 neque

160 2745 314 2804 mendicus
345 2744 387 2802 ibi
418 2744 589 2821 quisquam,
626 2751 657 2803 et
693 2762 761 2803 oum
795 2762 881 2804 nemo
918 2745 1078 2821 quiequam

116 2846 142 2886 aa
161 2834 275 2908 habeat,
299 2851 401 2892 omnes
424 2841 524 2892 tamen
547 2833 653 2892 divites
676 2839 752 2892 sunt.
791 2833 867 2892 Nam
891 2833 962 2910 quid
985 2833 1079 2892 ditius

160 2940 226 2982 esse
249 2928 347 2999 potest
368 2940 456 2998 quam
479 2923 616 2999 adempta
632 2940 754 2998 prorsus
777 2923 857 2981 omni
880 2922 1078 2981 sollieitudine

161 3011 236 3070 laeto
265 3030 300 3070 ae
326 3011 485 3086 tranquillo
507 3011 604 3070 animo
627 3012 741 3084 vivere,
773 3012 891 3070 nonde
920 3029 973 3069 suo
995 3010 1079 3070 victu

161 3099 321 3175 trepidum,
351 3118 409 3158 non
439 3100 540 3158 uxoris
571 3100 695 3176 querula
723 3091 900 3175 flagitatione
928 3105 1076 3172 vexatum,

160 3206 219 3248 non
241 3194 445 3265 paupertatem
468 3189 529 3247 filio
552 3195 740 3263 metuentem,
769 3207 826 3247 non
849 3189 886 3248 de
909 3189 986 3248 filiae
1009 3188 1079 3248 dote

114 3290 139 3331 ao
159 3278 289 3351 anxium,
300 3277 353 3337 sed
365 3278 402 3337 de
417 3295 470 3336 suo
485 3296 663 3355 suorumque
672 3278 811 3352 omnium,
821 3278 931 3352 uxoris,
941 3277 1079 3350 filiorum,

159 3373 312 3446 nepotum,
341 3373 550 3443 pronepotum,
579 3368 756 3443 abnepotum
784 3374 814 3426 et
841 3385 929 3443 quam
958 3365 1076 3440 longam

159 3461 344 3532 posterorum
368 3456 474 3514 seriem
498 3474 617 3514 suomm
640 3455 774 3531 generosi
789 3461 980 3532 praesumunt
993 3456 1074 3513 victu

50 3625 53 3631 Ι
160 3561 226 3606 esse
248 3563 283 3605 ao
305 3543 443 3604 felicitate
466 3547 623 3604 securum?
655 3543 742 3618 Quid,
766 3544 844 3621 quod
864 3544 955 3603 nihilo
975 3545 1077 3602 minus
