2512 4020
503 309 608 351 nonve.
630 309 743 351 worm.
1063 294 1104 353 ‘ii‘

188 486 266 544 enim
294 485 432 561 uigilans,
460 487 607 563 inquirmt,
635 504 740 545 sanum
767 505 833 546 esse
861 506 893 547 se
919 505 977 546 non
1005 487 1106 549 sentit.

187 575 243 633 nisi
273 575 324 651 qui
351 593 410 635 non
439 579 505 634 est?
543 575 675 648 Quemre
709 583 808 635 tantus
839 583 891 636 aiut
923 582 1025 653 stupor
1053 585 1105 636 urit

187 664 339 740 lethargus
363 665 535 740 adstringit,
555 671 589 723 ut
612 665 764 724 sanitatem
788 684 846 724 non
869 665 1025 725 iucundum
1049 667 1104 726 sibi
1161 734 1168 751 ·

143 764 192 818 [in]
219 754 344 812 fateatur
363 772 398 812 ac
417 753 638 813 delectabilem?
664 755 705 812 At
723 753 774 814 de-
791 749 794 837 l
810 754 925 814 lectatio
940 755 1011 832 quid
1024 755 1104 815 uliud

155 855 277 918 squam
298 842 354 902 alio
377 843 496 902 nomine
518 843 652 920 voluptas
674 845 740 902 est?

254 932 482 1007 Amplectrmtur
510 920 580 1007 ergo
608 931 640 990 in
670 931 773 1008 primis
802 932 892 991 animi
923 932 1105 1010 voluptates:

188 1038 238 1079 eas
253 1020 331 1078 enim
345 1021 455 1097 primas
471 1022 601 1079 omnium
614 1021 822 1098 principesque
836 1022 956 1095 ducunt,
980 1040 1104 1098 quarum

187 1109 370 1184 potissimam
407 1116 520 1186 partem
557 1115 677 1169 censent
713 1111 749 1168 ab
786 1110 926 1169 exercitio
962 1110 1104 1170 virtutum

188 1199 337 1275 bonaeque
360 1199 436 1258 ritae
464 1199 641 1258 conscientia
668 1199 824 1275 proficisci.
869 1199 977 1258 Earum
1002 1200 1105 1277 uolup-

143 1300 169 1341 10
187 1293 289 1360 tatum,
313 1305 386 1363 quas
401 1306 508 1364 corpus
522 1288 662 1364 suggerit
686 1288 813 1364 palmam
828 1289 944 1348 sanitati
959 1289 1105 1348 deferunt.

186 1376 264 1435 Nam
278 1376 384 1436 edendi
400 1377 577 1455 bibendique
593 1377 766 1436 suaritatem
781 1382 811 1436 et
825 1377 967 1454 quidquid
982 1378 1104 1436 eundem

188 1466 394 1525 oblectamenti
421 1466 564 1525 rationem
593 1467 682 1524 habet
710 1466 874 1542 appetenda
900 1466 1027 1543 quidem,
1052 1467 1101 1526 sed

188 1573 246 1612 non
273 1555 330 1613 nisi
359 1555 490 1614 sanitatis
518 1556 611 1631 gratia
639 1560 778 1614 statuunt.
823 1555 927 1632 Neque
950 1555 1029 1614 enim
1052 1574 1107 1633 per

190 1662 221 1702 se
248 1643 376 1702 iucunda
402 1663 468 1703 esse
498 1645 579 1717 talia,
611 1645 662 1703 sed
691 1652 835 1721 quatenus
862 1645 1002 1703 adversae
1027 1645 1105 1703 uale-

144 1745 170 1786 rs
188 1732 284 1790 tudini
307 1732 473 1791 clanculum
491 1733 654 1809 surrepenti
668 1734 819 1807 resistunt
842 1733 965 1810 ideoque
980 1734 1104 1809 sapienti

189 1821 274 1880 sicuti
306 1822 400 1897 magis
433 1823 633 1899 deprecandos
669 1823 785 1881 morbos
820 1841 908 1899 quam
947 1822 1104 1899 optandum

188 1911 362 1969 medicinam
386 1917 417 1970 et
439 1911 553 1970 dolores
576 1912 774 1988 profligandos
798 1912 896 1988 potius
920 1930 1007 1987 quom
1029 1912 1104 1970 asci-

189 1999 295 2058 scenda
320 2001 433 2074 solacia,
456 2001 497 2058 ita
520 2003 575 2059 hoc
598 2019 714 2077 quoque
733 2000 891 2077 uoluptatis
914 2018 1022 2075 genere
1047 2018 1104 2059 non

188 2107 274 2163 egere
298 2108 386 2165 quam
401 2089 521 2148 deleniri
537 2089 729 2166 praestiterit3
754 2108 812 2166 quo
826 2089 982 2165 voluptatis
997 2107 1106 2161 genere

142 2189 169 2231 20
189 2178 215 2235 si
237 2178 393 2255 quisquam
416 2197 448 2237 se
471 2180 589 2238 beatum
611 2185 704 2255 putet,
726 2178 752 2237 is
775 2197 896 2238 necesse
919 2185 965 2237 est
980 2179 1106 2237 fateatur

189 2285 220 2324 se
243 2273 305 2325 tum
329 2267 448 2326 demum
471 2269 532 2326 iore
546 2267 756 2341 felicissimum,
781 2269 806 2326 si
822 2286 856 2326 ea
871 2268 929 2326 vita
943 2267 1105 2343 contigerit,

189 2374 263 2432 quae
286 2356 316 2414 in
339 2362 481 2433 perpetua
504 2358 589 2431 lame,
618 2357 684 2430 situ,
713 2356 837 2433 pruritu,
865 2375 926 2430 esu,
950 2357 1105 2432 potatione,

189 2445 303 2520 scalptu
331 2446 475 2522 {rictuque
503 2446 684 2505 traducatur:
717 2464 791 2521 quae
819 2464 907 2522 quam
935 2463 992 2504 non
1019 2446 1104 2504 foeda

189 2533 292 2607 solum,
317 2534 369 2592 sed
392 2535 498 2594 misera
521 2535 610 2594 etiam
633 2535 679 2608 sit,
702 2535 769 2610 quis
783 2553 841 2593 non
856 2535 955 2594 videt?
983 2534 1107 2593 infimae

143 2634 170 2676 as
188 2623 318 2699 profecto
351 2625 480 2682 omnium
512 2625 567 2682 hae
598 2624 765 2699 voluptates
798 2630 881 2696 sunt,
919 2630 952 2683 ut
984 2624 1106 2683 minime

189 2713 333 2788 sincerae;
357 2713 553 2789 nequeenim
576 2731 705 2789 unquam
728 2714 855 2772 subeunt
878 2713 934 2772 nisi
953 2713 1107 2772 contrariis

188 2801 358 2860 coniunctae
390 2802 552 2878 doloribus;
586 2821 692 2878 nempe
725 2820 792 2860 cum
821 2802 926 2861 edendi
956 2802 1107 2878 voluptate

188 2890 342 2966 copulatur
368 2891 481 2951 esuries
508 2891 596 2967 idque
619 2910 676 2949 non
700 2892 771 2949 satis
794 2910 887 2967 aequa
910 2892 982 2964 lege.
1028 2890 1105 2949 Nam

188 2984 221 3037 ut
244 2981 451 3052 vehementior,
475 2981 515 3038 ita
536 2979 650 3055 longior
673 2998 789 3056 quoque
812 2980 893 3039 dolor
916 2987 969 3054 est,
996 2981 1107 3056 qnippe

144 3079 170 3122 ao
188 3079 219 3127 et
250 3074 318 3127 ante
347 3069 527 3145 uoluptatem
559 3070 688 3127 nascitur
720 3077 750 3128 et
780 3069 837 3128 nisi
867 3070 1015 3145 voluptate
1047 3088 1105 3128 una

189 3158 395 3217 commoriente
414 3176 471 3216 non
486 3158 691 3233 exstinguitur.
725 3158 900 3217 Huiusmodi
919 3177 989 3233 ergo
1004 3158 1105 3234 volup-

188 3253 276 3318 tates,
307 3247 361 3305 nisi
390 3255 535 3323 quatenus
562 3248 676 3323 expetit
698 3248 869 3319 necessitas
899 3248 977 3305 haud
1006 3248 1104 3322 magni

189 3336 338 3394 habendas
362 3341 474 3412 putant.
512 3335 648 3395 Gaudent
670 3342 768 3394 tamen
791 3337 880 3395 etiam
903 3336 949 3394 his
972 3337 1106 3412 gratique

187 3432 351 3499 agnoscunt
376 3433 497 3484 naturae
524 3426 653 3501 parentis
681 3425 901 3499 indulgentiam,
930 3444 1004 3501 qime
1028 3426 1107 3483 ienis

142 3525 170 3568 ao
189 3531 258 3572 suos
280 3514 318 3572 ad
333 3514 372 3587 id,
395 3514 474 3592 quod
490 3515 674 3573 necessitatis
688 3532 775 3572 (ausa
789 3524 849 3573 tam
863 3497 981 3572 assidue
996 3515 1106 3572 lacum·
