2512 4020
505 307 609 362 mones,
632 308 745 350 vrorm.
1063 292 1104 353 23

189 486 338 563 praecepti
351 485 477 546 vinculis
500 485 611 547 eximat
633 503 703 545 suos
726 485 874 560 satellites,
897 485 948 564 qui
968 485 1032 545 sine
1046 485 1107 546 ullo

189 574 326 652 exemplo
352 575 408 634 Dei
436 593 487 635 eos
515 575 722 649 interemerint
745 592 819 651 quos
844 575 974 656 humana
997 575 1107 634 sanctio

189 663 276 723 iussit
298 664 407 724 occidi:
430 682 468 722 an
490 682 549 723 non
571 664 628 723 hoc
649 669 735 740 pacto
757 669 947 741 praeceptum
963 662 1039 723 illud
1052 663 1107 723 Dei

189 758 304 812 tantum
336 753 409 812 iuris
437 758 484 812 est
509 753 690 827 habiturum,
725 758 865 829 quantum
893 753 1022 812 humana
1043 752 1107 812 iura

157 855 171 896 a
190 841 398 919 permiserint?
424 843 470 901 Ac
491 842 543 901 fiet
565 842 712 915 nimirum,
736 847 770 900 ut
790 841 828 900 ad
847 842 973 902 eundem
986 842 1107 901 modum

190 931 325 990 omnibus
352 931 384 989 in
406 931 494 991 rebus
521 935 649 990 statuant
671 931 813 1004 homines,
841 937 987 1008 qnatenus
1010 930 1108 990 divina

189 1019 326 1079 mandata
355 1019 508 1079 conveniat
536 1019 699 1079 observari!
739 1019 873 1096 Denique
904 1019 954 1079 lex
981 1019 1108 1079 Mosaica

191 1127 370 1186 quamquam
392 1109 553 1168 inclemens
575 1115 605 1168 et
626 1126 743 1185 aspera,
773 1125 879 1185 nempe
901 1109 932 1167 in
955 1127 1056 1168 servos
1078 1116 1108 1168 et

190 1197 309 1274 quidem
332 1197 491 1257 obstinatos
518 1197 578 1257 lata
604 1202 701 1256 tamen
723 1197 848 1275 pecunia
874 1198 1000 1270 turtum,
1027 1197 1108 1256 haud

144 1299 171 1341 ro
190 1292 284 1346 morte
312 1286 455 1346 multavit.
500 1286 546 1346 Ne
581 1293 720 1363 putemus
746 1286 843 1345 Deum
868 1286 900 1344 in
931 1304 1007 1345 nova
1041 1286 1108 1362 lege

190 1374 370 1447 clementiae,
391 1394 448 1453 qua
462 1381 547 1452 pater
560 1376 685 1453 imperat
698 1375 776 1449 filiis,
794 1375 934 1435 maiorem
948 1374 1108 1434 indulsisse

189 1464 273 1524 nobis
294 1463 421 1524 invicem
445 1463 593 1524 saeviendi
614 1465 762 1524 licentiam
771 1466 783 1522 l

145 1564 216 1619 [cuja]
257 1553 339 1613 Haec
361 1558 438 1627 sunt
459 1551 463 1630 l
483 1572 537 1613 cur
559 1572 615 1613 non
634 1553 722 1613 licere
735 1558 847 1630 putem.
877 1552 1025 1627 Quantum
1038 1571 1107 1612 vero

190 1642 229 1701 sit
256 1642 417 1702 absurdum
445 1648 534 1720 atque
562 1643 651 1702 etiam
678 1642 873 1719 perniciosum
903 1642 946 1701 rei
974 1642 1107 1718 publicae

145 1745 171 1785 ro
189 1732 284 1790 furem
310 1737 398 1809 atque
425 1731 600 1790 homicidam
628 1750 667 1791 ex
689 1749 782 1808 aequo
803 1731 913 1809 puniri,
941 1749 1027 1790 nemo
1051 1737 1107 1804 est,

190 1820 299 1897 opinor,
322 1821 374 1897 qui
396 1821 514 1880 nesciat.
551 1820 666 1897 Nempe
688 1838 756 1880 curn
779 1820 853 1879 latro
875 1820 1034 1897 conspiciat
1050 1838 1107 1879 non

190 1909 288 1969 minus
314 1909 467 1969 imminere
489 1909 667 1969 discriminis
690 1910 844 1968 dumtaxat
865 1910 936 1974 furti
963 1909 1107 1982 damnato,

190 2016 279 2076 quam
311 1998 336 2058 si
367 2003 519 2076 praeterea
550 1999 738 2058 convincatur
768 1998 931 2072 homicidii,
962 1999 1019 2057 hac
1049 2015 1108 2056 una

190 2088 363 2163 cogitatione
389 2087 551 2164 impellitur
576 2087 608 2146 in
635 2088 755 2147 caedem
777 2087 854 2158 eius,
885 2105 972 2164 quem
999 2086 1108 2163 alioqui

144 2189 172 2230 20
189 2177 285 2236 tuerat
307 2182 421 2236 tantum
444 2177 637 2253 spoliaturus3
661 2177 778 2255 quippe,
801 2175 1108 2254 praeterquamquod

191 2265 372 2342 deprehenso
394 2266 467 2325 nihil
491 2266 530 2325 sit
551 2266 620 2343 plus
642 2265 774 2343 periculi,
797 2272 843 2325 est
864 2266 952 2324 etiam
975 2265 1005 2324 in
1019 2264 1107 2323 caele

191 2354 332 2414 securitas
354 2355 447 2414 maior
469 2361 499 2414 et
521 2355 613 2414 maior
633 2354 746 2414 celandi
760 2373 830 2431 spes
844 2354 958 2413 sublato
972 2353 1107 2413 facinoris

189 2443 293 2503 indice.
338 2444 442 2521 Itaque
469 2444 541 2502 dum
567 2445 649 2504 tures
676 2443 764 2503 nimis
791 2443 927 2503 atrociter
954 2442 1107 2502 studemus

189 2534 423 2609 perterrefacere,
445 2534 641 2592 inhonorum
663 2532 1007 2608 incitamusperniciem.
1043 2531 1107 2590 Iam

144 2633 172 2676 25
190 2622 270 2698 quod
292 2622 393 2699 quaeri
413 2622 494 2696 solet,
518 2640 593 2699 quae
609 2622 722 2698 punitio
736 2622 829 2698 possit
842 2639 908 2681 esse
922 2620 1107 2694 commodior,

189 2710 245 2770 hoc
267 2729 333 2770 meo
355 2711 463 2770 iudicio
487 2711 566 2770 haud
581 2711 669 2788 paulo
682 2710 796 2772 facilius
810 2715 856 2770 est
868 2716 995 2785 repertu,
1018 2727 1107 2787 quam

190 2817 265 2876 quae
287 2800 380 2876 possit
402 2817 469 2859 esse
491 2800 625 2860 deterior.
664 2800 724 2860 Cur
750 2800 830 2860 enim
852 2799 1019 2858 dubitemus
1042 2817 1107 2857 eam

189 2889 378 2949 viamutilem
388 2889 638 2965 essecastigandis
648 2889 815 2962 sceleribus,
823 2907 911 2965 quarn
919 2887 1029 2947 scimus
1039 2887 1107 2946 olim

189 2983 250 3037 tam
266 2978 317 3036 diu
332 2977 480 3055 placuisse
497 2978 637 3037 Romanis
650 2977 896 3037 administrandae
914 2977 956 3036 rei
974 2976 1107 3053 publicae

144 3080 172 3121 ao
191 3067 397 3143 peritissimis?
419 3066 534 3143 Nempe
547 3067 578 3125 hi
592 3085 765 3142 magnorum
779 3067 940 3125 facinorum
959 3065 1108 3124 convictos

188 3156 221 3214 in
256 3155 429 3232 lapidicinae
471 3161 559 3232 atque
600 3156 738 3215 fodienda
778 3155 897 3214 metalla
933 3155 1107 3213 damnabant

188 3245 340 3322 perpetuis
362 3245 559 3305 adservandos
572 3244 705 3305 vinculis.
738 3242 922 3320 Quamquam
942 3261 1005 3318 ego,
1029 3242 1108 3320 quod

188 3334 228 3393 ad
249 3335 325 3393 hanc
346 3353 410 3393 rem
432 3335 544 3407 attinet,
571 3334 682 3393 nullius
704 3333 872 3392 institutum
893 3332 990 3409 gentis
1012 3330 1107 3406 magis

189 3424 281 3499 probo
303 3442 393 3500 quam
414 3423 458 3497 id,
487 3423 578 3500 quod,
608 3423 720 3482 interea
742 3422 813 3480 dum
835 3421 1053 3499 peregrinabar,
1078 3420 1108 3478 in

143 3525 170 3567 aa
187 3512 310 3572 Perside
333 3513 519 3571 obseruatum
540 3512 620 3589 apud
639 3512 729 3588 uulgo
751 3511 845 3570 dictos
860 3509 1034 3586 Polyleritas
1056 3508 1107 3567 ad-
